2114 3412
337 159 391 207 15
405 148 434 194 6
709 137 848 194 Pars
867 136 1008 192 tertia
1029 113 1306 217 Legationis
1328 134 1590 193 &ataviae

153 242 306 315 Legsstise-
332 236 984 303 bus,quihaftenusinternuncii
997 239 1258 303 Legatorum
1269 238 1459 296 fuerant,
1477 255 1549 285 eos
1569 237 1648 285 alia
1660 238 1837 302 portain
1849 237 1991 287 secun-

148 295 307 358 {Sis-‘'tissm
333 308 429 355 dam
443 325 582 354 aream
594 345 606 368 ‚
623 310 667 355 8<
686 306 818 372 ipsam
830 305 962 354 milite
974 308 1179 365 Tartaro,
1200 305 1520 372 aulicorumque
1541 305 1709 372 plenam
1725 329 1738 365 ·,
1760 307 1859 354 huic
1868 310 1990 356 tertia

148 378 249 440 affl?
266 370 308 399 ¹¹²*
332 389 564 441 quartaque
583 390 706 442 porta
726 377 770 422 in
789 377 984 423 intimam
997 373 1135 423 aulam
1152 411 1165 435 ,
1192 375 1268 423 ubi
1290 375 1493 423 Palatium
1515 378 1654 440 Magni
1677 376 1800 424 Chami
1818 374 1991 442 ejusque

261 462 264 465 ·
331 444 534 492 Thronus
544 445 867 512 conspiciendus
879 444 1071 511 dabatur,
1089 444 1373 492 deduxerunt.
1385 448 1421 493 A
1429 463 1498 492 rea
1509 445 1594 492 haec
1604 447 1777 492 interior
1788 447 1991 510 quadrata

260 574 262 578 ,
330 514 493 561 ambitu
504 515 913 582 quadringentorum
925 514 1114 578 paffuum
1125 550 1137 573 ,
1155 513 1289 561 milite
1308 516 1522 578 utrimque
1539 516 1649 579 togis
1659 532 1713 560 ex
1727 513 1855 561 rubro
1864 513 1993 562 serico

329 582 504 630 floribus
517 586 730 652 variegato
746 584 905 631 indutis
919 583 1046 631 latera
1057 581 1144 645 ejus
1154 582 1836 650 tegentibus,SubselliumThroni
1853 588 1990 649 impe-

328 654 471 699 ratorii
483 667 656 700 centum
667 653 897 701 duodecim
909 651 1042 700 seleffi
1059 689 1072 711 ,
1087 654 1201 699 vario
1213 651 1470 717 singulorum
1488 652 1636 699 habitu
1652 651 1908 718 vexillisque,
1919 653 1989 701 sed

330 738 479 767 omnes
498 720 616 786 pileis
629 724 754 788 nigris
766 758 777 780 ,
796 721 949 787 plumis
966 721 1083 768 flavis
1098 721 1447 781 &2fioccisinduti
1460 754 1474 774 ,
1495 720 1578 767 hoc
1589 722 1738 768 ordine
1749 722 1988 788 cingebant.

144 786 313 857 gssfflffi
336 791 522 837 Proximi
540 792 699 839 throno
711 796 849 857 Migni
861 791 986 837 Chami
997 790 1085 837 duo
1096 793 1141 838 8<
1152 792 1301 855 viginti
1315 825 1326 848 ‚
1344 789 1521 856 quisque
1532 790 1691 837 flavum
1704 807 1829 837 manu
1842 806 1990 839 tenen-

303 851 308 856 .
332 872 392 905 tes
404 859 713 907 umbraculum.
750 860 854 906 lnde
873 859 1022 906 decem
1041 858 1128 917 alii,
1149 857 1297 924 singuli
1316 859 1518 906 circulum
1540 876 1711 906 aureum
1724 858 1828 906 Solis
1838 858 1990 925 specie,

331 930 377 975 &
402 927 471 975 sex
491 944 689 993 praeterea
708 928 882 976 circulos
902 927 1023 975 instar
1034 931 1166 975 Lunae
1177 927 1311 993 plenae
1323 930 1366 975 in
1378 927 1509 975 altum
1521 926 1743 977 elevantes,
1777 929 1922 977 Postea
1930 929 1989 977 se-

328 997 468 1043 decim
489 1012 638 1045 contos
655 1035 667 1057 ,
697 1016 883 1063 quorum
905 1000 1102 1045 extremis
1119 1000 1261 1064 magni
1281 1016 1335 1045 ex
1357 997 1486 1044 serico
1507 996 1756 1044 versicolore
1773 997 1898 1061 flocci
1917 999 1989 1046 de-

329 1066 578 1128 pendebant
590 1102 601 1124 ,
620 1067 938 1132 protendentes.
976 1069 1053 1113 His
1073 1066 1290 1114 adstabant
1301 1069 1469 1132 triginta
1483 1069 1527 1114 &
1540 1065 1612 1113 sex
1623 1065 1845 1114 vexilliferi
1858 1068 1989 1115 vexil-

329 1133 376 1180 lis
386 1136 640 1184 Draconum
652 1154 892 1195 aureorum,
903 1135 1273 1201 monstrorumque
1284 1138 1396 1184 varia
1409 1137 1545 1184 forma
1560 1172 1571 1194 ,
1590 1137 1711 1201 quod
1727 1139 1990 1200 imperatoris

328 1202 503 1269 insigne.
546 1205 651 1251 lnde
665 1219 848 1270 quatuor
859 1204 947 1263 alii,
968 1222 1152 1269 quorum
1175 1203 1324 1271 singuli
1342 1204 1502 1253 clavam
1519 1207 1752 1252 inauratam
1766 1205 1988 1254 vibrabant

327 1271 478 1320 dextra
488 1306 502 1327 ,
521 1292 627 1339 quos
638 1289 820 1339 quatuor
830 1272 1101 1337 bipenniferi,
1112 1273 1267 1339 aliique
1278 1277 1605 1322 convenientem
1617 1276 1764 1322 Sinicae
1772 1274 1989 1339 Majestati

327 1341 666 1408 prosopopaeiain
678 1358 850 1409 agentes
859 1342 1230 1407 subsequebantur.
1244 1347 1302 1391 Et
1316 1344 1403 1391 haec
1415 1346 1536 1391 unius
1546 1344 1597 1390 ad
1610 1344 1841 1391 Thronum
1852 1343 1989 1392 lateris

327 1408 509 1475 positura
522 1433 535 1470 3
561 1410 726 1458 alterius
735 1411 884 1458 eadem
903 1410 1029 1476 plane
1040 1413 1180 1472 facies,
1190 1415 1235 1460 8<
1248 1414 1512 1460 circumcirca
1523 1411 1822 1460 innumerabils
1829 1412 1989 1460 aulico-

327 1497 438 1532 rum,
449 1497 539 1526 uno
549 1498 696 1528 omnes
706 1479 857 1528 vestitu
869 1516 881 1539 ‚
901 1482 1013 1548 regia
1025 1478 1186 1529 luxuria
1196 1480 1496 1546 superbientes.
1525 1486 1643 1529 Ante
1654 1481 1804 1547 gradus
1816 1481 1920 1530 Solii
1932 1483 1988 1530 ab

327 1561 511 1612 utroque
522 1548 650 1597 latere
661 1549 731 1597 sex
743 1549 928 1597 candore
948 1549 1114 1598 nivibus
1124 1551 1386 1598 candidiores
1396 1552 1493 1616 equi
1509 1587 1521 1609 ,
1543 1550 1726 1617 stragulis
1736 1549 1872 1599 multo
1883 1569 1987 1599 auro

325 1617 487 1682 rigidis,
504 1616 629 1666 frenis
650 1636 914 1684 gemmarum
933 1618 1157 1685 splendore
1179 1619 1455 1679 micantibus,
1470 1620 1641 1679 stabant.
1680 1618 1803 1667 Dum
1817 1619 1906 1668 haec
1916 1622 1987 1669 ad-

324 1686 807 1754 mirabundispe&amus
817 1722 834 1743 ,¹
850 1688 1099 1754 campanula
1109 1689 1469 1755 penetrantiffimo
1486 1688 1625 1737 sonitu
1644 1708 1761 1737 aures
1779 1685 1985 1738 demulsit.

394 1758 482 1803 Vix
494 1757 740 1822 campanula
760 1757 906 1806 sonare
923 1757 1097 1806 desierat
1107 1795 1119 1817 ,
1141 1777 1239 1806 cum
1259 1757 1377 1806 miles
1389 1761 1586 1806 Tartarus
1605 1761 1646 1805 in
1658 1759 1845 1807 medium
1858 1759 1986 1824 prosi·-

322 1822 425 1871 lie-ns
435 1861 447 1884 ‚
460 1826 689 1891 flagellum,
700 1827 820 1891 quod
831 1846 885 1874 ex
902 1846 1094 1875 concavo
1104 1831 1222 1875 corio
1233 1830 1444 1893 Serpentis
1453 1828 1575 1876 instar
1586 1827 1807 1875 consutum
1817 1828 1987 1876 videba-

325 1891 415 1956 turf,
432 1893 562 1940 tribus
578 1896 690 1960 spiris
708 1910 824 1944 tanta
845 1911 933 1944 arte
946 1896 1212 1945 &celeritate
1230 1897 1473 1963 quatiebat,
1490 1912 1537 1944 ut
1553 1898 1668 1945 haud
1691 1899 1843 1943 minori
1865 1897 1986 1956 sono,

321 1979 450 2026 quam
472 1962 717 2012 bombardae
727 2002 738 2023 ,
759 1967 827 2012 aer
838 1965 926 2026 ejus
937 1968 1102 2030 impetu
1116 1966 1451 2013 diver-beraretur
1460 1999 1474 2019 ,
1493 1967 1622 2030 idque
1632 1982 1730 2011 cum
1744 1964 1874 2012 tribus
1886 1968 1984 2014 vici-

322 2030 420 2084 buS,
440 2034 668 2096 repetitum
680 2033 735 2080 ab
746 2051 800 2080 eo
809 2033 968 2090 suisset,
985 2036 1131 2082 denuo
1142 2033 1402 2081 multitudini
1415 2035 1454 2081 se
1467 2034 1702 2081 immiscuit.

137 2104 286 2173 ἒζξζζξζζξ
388 2101 507 2147 Tum
519 2101 717 2149 omnibus
734 2101 855 2149 nobis
875 2101 1222 2169 consurgentibus
1234 2105 1383 2151 Senior
1393 2104 1591 2169 Uttangtu
1604 2139 1616 2162 ,
1626 2101 1802 2167 amplius
1811 2105 1982 2171 triginta

137 2187 262 2232 rentiam
321 2167 406 2216 aliis
419 2171 696 2237 Magnatibus
705 2173 794 2237 ejus
806 2171 975 2238 vestigia
987 2172 1347 2238 prementibus,ad
1358 2174 1624 2238 Imperatoris
1637 2171 1797 2219 Solium
1809 2175 1985 2239 propius

137 2224 289 2257 ⁸⁸¹¹¹be¹³t·
319 2239 497 2293 acceflit,
508 2241 582 2304 qui
594 2258 787 2305 praecone
799 2240 1054 2289 acclamante
1070 2245 1259 2307 Magnum
1271 2238 1310 2303 C
1308 2242 1454 2288 hamum
1465 2244 1601 2306 capite
1612 2243 1758 2289 novies
1766 2242 1818 2288 ad
1829 2256 1982 2290 terram

321 2306 527 2355 inclinato
548 2310 869 2358 venerabantur.
908 2311 1149 2360 Suaviffima
1168 2313 1335 2359 interim
1352 2309 1514 2359 Mussca
1531 2310 1808 2359 instrumentis
1828 2315 1982 2376 pariter

326 2378 370 2422 3<
384 2379 644 2425 cantantium
657 2379 830 2427 vocibus
843 2383 950 2427 inter
964 2379 1005 2428 se
1018 2380 1275 2429 certantibus
1284 2397 1399 2428 aures
1408 2383 1601 2427 omnium
1614 2378 1820 2426 titillabat.

392 2446 502 2492 Hisa
516 2446 633 2493 Solio
651 2448 856 2515 digreffis,
871 2448 1155 2496 Cancellarius
1176 2450 1351 2514 duoque
1360 2469 1415 2497 ex
1429 2453 1587 2496 Senatu
1600 2448 1723 2495 aliam
1736 2448 1983 2513 magnifico—

320 2531 413 2560 rum
427 2517 473 2563 &
484 2514 700 2564 illustrium
709 2521 964 2585 Magnatum
975 2532 1156 2566 turmam
1164 2519 1528 2577 ducentes,eadem
1539 2516 1981 2566 venerationeSolium

322 2583 567 2632 adorabant.
603 2585 707 2634 lnde
719 2588 888 2652 Legatis
897 2586 1134 2650 Sutacfirum
1147 2624 1159 2646 ‚
1179 2586 1486 2654 Lammcfitmque
1505 2586 1559 2633 ab
1569 2600 1752 2649 utroque
1763 2586 1983 2635 Cancella-

136 2656 292 2730 fiaffiusst‘
324 2653 387 2698 rio
402 2655 490 2718 pari
503 2671 664 2719 pompa
682 2655 868 2703 deduffi.
896 2658 1017 2703 Tum
1038 2656 1325 2704 Cancellarius
1342 2658 1395 2704 ad
1415 2660 1599 2721 Legatos
1614 2655 1773 2702 nostros
1789 2655 1983 2714 reversus,

137 2709 305 2788 qi1¹‹3d1{in'.
325 2738 406 2784 qua
421 2723 629 2789 dignitate
639 2725 793 2773 censeri
808 2723 986 2785 vellent,
1004 2728 1187 2792 rogavit,
1197 2725 1272 2772 illis
1290 2726 1509 2789 Thiomping
1525 2723 1901 2790 respondentibus3
1924 2728 1981 2773 ita

136 2781 302 2863 ῗζξᾶἐῇξζ)
324 2791 436 2837 enim
454 2794 477 2839 a
489 2792 783 2853 Kmtonenfilms
797 2794 1046 2862 Proregibus
1055 2796 1261 2843 nominati
1266 2796 1354 2858 jam
1364 2794 1526 2841 dudum
1538 2792 1713 2841 fucrant.
1751 2794 1914 2842 Eadem
1925 2813 1981 2842 ex

137 2863 200 2895 beri
208 2864 306 2896 velmt.
328 2860 393 2903 M
386 2863 513 2923 ogolico
525 2861 711 2926 quaesivit
724 2898 736 2922 ,
748 2866 822 2928 qui
843 2881 940 2911 cum
959 2863 998 2911 se
1017 2882 1160 2930 parem
1177 2862 1440 2912 Hollandicis
1460 2864 1630 2927 Legatis
1650 2863 1851 2928 professus
1868 2864 1981 2922 esset,

323 2928 491 2991 utrique
512 2933 600 2994 pari
613 2931 786 2980 honoris
796 2933 1093 3000 dignitatisque
1102 2934 1235 2999 gradu
1247 2946 1295 2980 ut
1305 2930 1553 2996 Thiempingae
1565 2931 1842 2980 habebantur.
1923 2938 1925 2941 ’

390 2996 439 3041 In
451 3013 551 3044 areae
564 3001 710 3048 medio
723 3002 746 3048 ὲ
756 3003 933 3063 regione
953 3004 1102 3051 mediae
1114 3002 1284 3049 Throni
1296 3003 1557 3065 Imperatorii
1570 3015 1701 3068 portae
1714 3002 1860 3067 viginti
1871 2998 1980 3058 saxa,

326 3060 456 3111 veluti
467 3062 617 3114 limites
627 3104 639 3126 ‚
659 3056 897 3119 Sinensibus
916 3073 983 3119 aeri
993 3070 1124 3119 incisis
1131 3069 1432 3120 chara&eribus
1442 3084 1589 3119 notata
1597 3068 1978 3137 conspiciebantur,

1881 3152 1976 3200 qUae
2046 3150 2048 3154 '
