2114 3412
288 113 391 159 160
656 99 795 157 Pars
812 96 954 154 tertia
973 93 1253 179 Legationis
1273 96 1536 155 Patavicae

284 203 435 270 Legati
459 216 636 265 quoque
654 200 848 264 Mogolum
869 199 1076 247 Indorum
1102 233 1116 254 2
1144 198 1394 256 Sutadzorum
1415 200 1460 246 &
1484 200 1741 255 Lammazum
1760 196 1946 246 aderant.

285 266 490 320 Hollandi
512 270 535 316 ai
551 269 709 316 dextris
725 269 850 333 juxta
864 269 1092 335 Mogolt'cum
1117 290 1130 328 3
1160 272 1295 315 caeteri
1309 287 1363 315 ex
1378 267 1549 315 adverso
1566 269 1789 314 comitatus
1799 266 1947 332 singuli

284 354 398 388 retro
413 336 708 386 consederunt.
743 337 926 384 Duabus
947 337 1107 385 vicibus
1126 336 1346 403 splendida
1357 334 1556 404 congesta
1577 334 1734 383 fercula
1755 355 1764 381 ε
1802 338 1947 399 primae

285 409 436 456 mensae
445 407 662 468 sru&us,&
677 425 732 454 ex
741 406 931 455 saccharo
942 405 1047 454 tosta
1056 405 1237 454 bellaria:
1249 405 1412 454 alterius
1423 424 1477 453 ex
1486 405 1637 452 ovibus
1639 404 1796 460 ‚Bubus
1806 407 1850 453 8(
1863 408 1948 454 Ca-

285 477 402 525 melis
422 478 550 526 consta:
568 494 719 524 carnes.
756 475 940 543 Singulis
952 479 1212 541 Legatorum
1229 475 1413 541 separata
1433 473 1595 533 mensa,
1614 477 1660 522 8(
1673 493 1727 522 ex
1738 476 1948 522 comitatu

282 547 576 594 duobusidem
588 544 923 604 honoshabitu33
947 547 1115 610 triginta
1136 547 1342 612 argenteis
1352 546 1501 609 patinis
1521 542 1774 591 cibariorum
1787 542 1948 591 molem

284 635 392 684 aegre
400 615 732 664 sustentantibus
768 619 906 679 Magni
928 610 1065 676 [hami
1083 613 1374 679 repraesentans
1393 612 1496 660 aulae
1510 614 1790 678 Imperatoriae
1810 614 1950 678 Magi-

286 685 365 733 ster
376 685 482 733 solus
492 685 580 734 lato
592 721 605 743 ,
621 688 665 733 8(
677 682 842 731 sublimi
854 683 1023 732 scamno
1033 682 1220 730 cruribus
1241 681 1503 748 complicatis
1517 681 1595 729 suae
1612 680 1818 729 insidebat
1829 698 1951 729 rnen-

284 755 335 802 sae
347 788 361 809 ‚
381 755 549 803 duobus
567 753 725 817 juxtim
736 752 1008 818 Magnatibus
1020 751 1122 812 aliis,
1142 754 1215 817 qui
1232 752 1381 799 cun&a
1391 751 1656 798 observantes
1668 753 1839 818 Legatis
1848 750 1951 800 hila*

284 842 376 872 rem
388 823 553 873 vultum
561 822 818 890 praebebant.
840 821 977 869 Cibos
988 839 1077 869 non
1089 819 1156 869 alii
1167 836 1315 886 praeter
1324 819 1489 869 nobiles
1499 822 1544 868 8(
1556 836 1822 886 purpuratos,
1832 838 1950 869 men-

286 892 334 940 fis
351 893 572 942 servientes
590 890 842 940 inferebant.
894 923 896 925 -

355 967 604 1028 Antequam
613 962 766 1026 Legati
777 959 1103 1019 discumberent,
1113 977 1261 1007 omnes
1271 958 1390 1007 simul
1403 962 1581 1007 Boream
1592 957 1728 1008 versus
1738 994 1750 1017 ,
1768 976 1852 1024 qua
1863 957 1952 1024 pla-

286 1034 340 1099 ga
353 1037 541 1097 Magnum
555 1032 729 1079 Chamum
742 1028 887 1076 versari
899 1043 989 1076 tum
998 1029 1212 1087 dicebant,
1221 1031 1497 1077 reverentiam
1515 1031 1554 1076 ei
1567 1046 1747 1094 corpore
1759 1042 1822 1075 ter
1835 1026 1952 1075 incli-

285 1115 390 1148 nato
401 1099 593 1148 exhiberi
604 1098 699 1162 juffi
710 1097 889 1156 fuerant,
901 1116 969 1157 e0,
981 1116 1070 1163 quo
1081 1112 1179 1146 ante
1189 1098 1422 1146 Thronum
1434 1113 1656 1147 veneratos
1667 1098 1862 1145 diximus,

355 1169 541 1217 Sublatis
556 1167 754 1225 bellariis,
769 1185 911 1214 carnes
919 1167 1006 1214 assae
1025 1166 1233 1233 elixaeque
1253 1167 1384 1216 tribus
1406 1183 1572 1217 tantum
1585 1169 1735 1233 patinis
1750 1179 1954 1232 apparatu

284 1238 395 1286 adeo
405 1237 592 1297 sordido,
601 1250 649 1285 ut
661 1236 854 1284 nauseam
864 1238 1006 1302 potius
1017 1254 1145 1302 quam
1157 1239 1398 1303 appetitum
1413 1239 1658 1285 excitarent.
1698 1237 1844 1283 Finito
1862 1237 1954 1285 fere

282 1305 692 1372 convivio,magister
702 1305 804 1354 aulae
816 1304 980 1355 famulis
990 1323 1245 1373 omneS,quae
1254 1325 1397 1355 coram
1405 1306 1460 1368 se,
1472 1308 1633 1373 patinas
1641 1304 1805 1353 auferre
1812 1303 1905 1367 juffi
1910 1318 1927 1352 t
1939 1326 1955 1364 5

284 1377 373 1443 ipse
383 1395 514 1425 unam
525 1390 712 1434 tantum,
732 1388 850 1441 parte
867 1374 1036 1422 Cameli
1057 1375 1177 1424 ςοᾶει
1196 1389 1438 1437 oneratam,
1458 1394 1543 1442 qua
1552 1373 1733 1425 famelici
1744 1373 1869 1422 instar
1880 1392 1953 1440 pa-

283 1446 488 1506 scebatur,
496 1443 905 1509 retinuit.Qicquid
915 1443 1109 1493 ciborum
1119 1443 1296 1493 restabat
1306 1448 1460 1513 Legati
1470 1463 1590 1493 more
1600 1442 1954 1512 gentiuin‚secum

283 1518 328 1563 in
339 1516 568 1582 sacciperiis
577 1515 741 1563 auferre
753 1514 881 1579 juflit.
910 1514 1265 1583 Jucundiffimum
1276 1513 1554 1582 spe&aculum
1569 1552 1582 1575 ,
1596 1514 1742 1562 videre
1753 1515 1954 1561 Tartaros

283 1588 473 1634 coriacea
503 1583 724 1651 sacciperia
745 1582 816 1631 sua
836 1586 882 1632 &
903 1582 1040 1632 ovillis
1057 1583 1236 1650 pellibus
1256 1584 1453 1633 consutos
1471 1584 1660 1633 thoraces
1678 1581 1843 1648 ingestis
1852 1597 1952 1631 cum

282 1654 549 1722 pinguedine
567 1657 614 1703 8(
624 1652 860 1702 destillante
876 1656 1070 1716 carnium*
1074 1655 1172 1719 jure
1187 1653 1382 1702 ciborum
1403 1653 1586 1719 reliquiis
1595 1652 1740 1700 farcire
1750 1650 1953 1700 effluente

282 1741 358 1788 per
368 1724 504 1772 saccos
513 1723 639 1783 sanie,
650 1726 695 1771 8(
706 1723 888 1772 vestibus
898 1741 1048 1772 eorum
1059 1722 1270 1789 cereisque
1280 1723 1378 1773 sevo
1387 1722 1682 1772 relucentibus,
1717 1724 1952 1770 Certamen

283 1795 393 1841 inter
403 1794 511 1858 ipsos
521 1830 533 1853 ,
554 1795 646 1860 quis
658 1792 889 1859 plurimum
898 1791 1145 1842 semesarum
1155 1792 1377 1843 frustarum
1387 1794 1609 1861 abriperet.

354 1863 451 1910 Post
471 1864 698 1928 prandium
718 1863 852 1912 ahena
867 1881 923 1911 ex
941 1881 1044 1910 auro
1064 1876 1332 1930 argentoque
1343 1862 1467 1930 plena
1485 1877 1595 1928 potu
1614 1858 1787 1924 Sampstni
1804 1858 1950 1906 affere-

284 1930 413 1991 bant',
424 1950 554 1997 quam
564 1935 609 1980 in
621 1931 818 1981 malluvia
829 1931 1004 1980 effusum
1016 1969 1029 1992 ,
1045 1933 1146 1980 inde
1156 1932 1400 1999 ingentibus
1418 1929 1706 1980 cochlearibus
1715 1931 1759 1975 in
1770 1946 1892 1976 aurea
1901 1931 1948 1977 8(

285 2015 483 2067 argentea
492 2000 718 2049 carchesiiis
728 2000 1028 2055 infundebant,
1038 1999 1273 2067 hospitibus
1282 2000 1540 2049 sorbendum
1550 2000 1826 2065 porrigentes.
1863 2000 1947 2044 Po-

287 2085 353 2117 tus
372 2072 403 2117 is
421 2089 477 2118 ex
495 2069 600 2118 Ιειᾶε
622 2068 736 2117 dulci
755 2068 970 2117 distillatus
988 2068 1291 2135 perhibebatur
1309 2107 1323 2130 ,
1355 2088 1404 2118 ac
1423 2066 1641 2134 peculiaris
1664 2070 1728 2115 M
1723 2071 1806 2133 agni
1827 2067 1951 2115 Chmni

287 2140 389 2198 effe,
398 2138 516 2201 cujus
526 2138 739 2187 cellarium
751 2138 984 2203 hospitibus
993 2153 1079 2186 tam
1097 2138 1341 2205 longinquis
1359 2157 1414 2187 eo
1426 2139 1592 2203 liquore
1602 2135 1804 2186 tristitiam
1820 2136 1951 2183 corde

284 2207 499 2275 expellere
509 2208 699 2257 deberet.
713 2207 885 2256 Viribus
892 2209 995 2255 vino
1003 2207 1153 2256 adusto
1161 2208 1274 2256 haud
1285 2207 1472 2272 inferior,
1480 2210 1525 2256 8(
1537 2224 1634 2254 cum
1645 2204 1860 2253 multoties
1870 2208 1952 2253 Le-

284 2280 373 2344 gati
386 2278 552 2344 paribus
563 2277 774 2326 haustibus
786 2276 1072 2325 architriclino
1091 2276 1421 2343 respondissent,
1435 2276 1640 2344 quicquid
1659 2274 1858 2335 restabat,
1876 2292 1950 2322 au-

287 2348 396 2395 ferre
414 2347 553 2395 secum
569 2346 664 2411 juffi
678 2369 692 2406 3
712 2346 784 2394 sed
796 2345 997 2393 militibus
1008 2360 1141 2412 portae
1160 2346 1605 2412 adstantibus,aliisque
1619 2343 1732 2394 haud
1743 2361 1868 2408 parva
1878 2361 1951 2390 eo-

286 2434 381 2463 rum
391 2416 671 2466 dele&atione
683 2415 996 2463 distribuerunt·
1030 2418 1091 2463 Ita
1109 2433 1208 2463 cum
1226 2417 1372 2465 denuo
1388 2416 1658 2481 Imperatori,
1677 2411 1874 2460 inclinata
1894 2413 1950 2461 ad

285 2486 467 2534 Boream
478 2487 589 2535 facie
600 2487 747 2550 gratias
756 2485 932 2551 egissent
946 2521 959 2544 ,
974 2485 1090 2533 haud
1102 2502 1251 2550 parum
1260 2485 1328 2534 illa
1340 2486 1410 2533 die
1422 2499 1487 2533 tot
1496 2484 1682 2548 corporis
1691 2481 1950 2530 flexionibus

288 2555 477 2621 fatigati,
495 2557 539 2602 in
559 2553 764 2601 Palatium
786 2553 826 2600 se
848 2568 1110 2618 receperunt.

357 2624 507 2672 Altera
526 2623 598 2672 die
618 2625 663 2672 &
685 2622 867 2670 secunda
887 2621 1090 2671 O&obris
1103 2622 1303 2689 Tutangus
1327 2621 1410 2671 sive
1427 2622 1599 2687 Imperii
1619 2619 1754 2667 custos
1764 2622 1950 2688 Legatos

289 2693 590 2759 interrogavit,
607 2694 789 2741 Verumne
810 2689 894 2755 effit
917 2692 1019 2758 quod
1035 2693 1144 2756 νιιζζο
1163 2692 1206 2739 de
1217 2693 1429 2741 Hollandis
1445 2689 1711 2755 perhiberetur,
1732 2689 1848 2736 triduo
1858 2694 1950 2736 inteae

279 2760 434 2824 grojizb
455 2768 556 2826 aquis
577 2781 632 2809 eos
650 2766 778 2809 vivere
792 2760 902 2825 poffe.
948 2762 1064 2808 Nam
1082 2763 1127 2809 8(
1145 2761 1230 2809 hoc
1249 2759 1435 2808 Lusitani
1455 2773 1582 2823 atque
1593 2757 1759 2826 Jesuitae
1770 2758 1950 2806 credulis

287 2830 472 2877 Tartaris
481 2829 838 2887 insuffuraverant,
847 2846 924 2877 nos
934 2831 979 2877 8(
991 2843 1175 2878 extorres
1184 2831 1264 2878 effe
1275 2833 1320 2878 8(
1330 2848 1385 2877 ex
1395 2828 1532 2894 praeda
1544 2828 1766 2887 maritima,
1774 2826 1949 2892 piscium

288 2896 413 2944 instar
423 2934 435 2956 ,
453 2898 574 2965 supra
594 2902 640 2948 8(
657 2902 767 2947 intra
774 2916 888 2946 mare
895 2899 1051 2947 vivere.
1080 2898 1364 2967 Legati‚irrisa
1380 2897 1488 2945 clam
1499 2897 1682 2945 vanitate
1693 2896 1790 2944 talia
1801 2895 1867 2944 vel
1880 2913 1947 2943 ro-

289 2966 484 3032 gantium
504 2967 571 3015 vel
591 2969 849 3035 fingentium
865 3003 878 3027 ,
916 2970 982 3015 M
974 2981 1146 3015 ereaturae
1166 2981 1302 3015 mutuae
1320 2985 1400 3015 cum
1426 2967 1493 3014 illis
1510 2969 1666 3028 omnium
1682 2966 1767 3029 jure
1777 2965 1945 3031 gentium

289 3034 494 3083 exercendae
513 3054 595 3102 ergo
609 3037 649 3099 se
665 3038 798 3103 'veniffi’
818 3036 980 3086 dicebant
991 3070 1006 3094 ,
1026 3037 1069 3084 id
1084 3036 1185 3101 quod
1195 3049 1261 3099 per
1276 3038 1432 3099 plurima
1452 3035 1543 3083 orbis
1564 3041 1672 3085 totius
1687 3030 1946 3166 νςςηαῗίψᾳέε

1830 3119 1896 3148 rau
1924 3117 1942 3146 e
