2114 3412
312 143 534 220 adkffl
529 162 702 229 agnum
718 139 978 204 Tartariae
995 145 1216 228 Sinaeqne
1234 141 1492 223 Chasnum.
1639 168 1661 207 1
1672 164 1697 208 8
1706 170 1729 214 3

140 252 188 296 In
197 249 319 299 reditu
336 250 359 298 ἃ
373 251 505 310 decima
508 249 670 312 ſsptima
683 248 845 296 Offlobris
862 252 948 295 cmm·
963 266 978 295 1
989 250 1016 296 6
1022 250 1082 315 56
1094 284 1107 307 ,
1121 250 1173 296 ad
1191 249 1398 315 vigesimam
1418 253 1588 299 offavam
1609 254 1726 300 Mar-2

70 321 113 365 tii
134 319 252 384 1657
277 355 291 375 ,
324 320 419 366 mille
433 354 445 376 ‚
462 330 603 364 centum
626 321 669 365 &2⁴
687 321 885 383 nonaginta
910 332 1066 382 quatuor
1076 320 1211 384 flor-eni
1223 354 1235 377 ,
1255 321 1331 366 030
1342 318 1481 386 stufhri
1494 360 1506 380 ‚
1529 326 1571 369 &¹
1587 320 1725 385 [eptem

70 391 150 437 οὲῗιι
182 407 220 435 es
253 409 1417 421 ———————
1458 393 1727 457 1194-8-7.

892 495 1006 550 Qae
1017 491 1189 541 conctia
1200 492 1359 541 faciunt
1380 497 1538 562 43278
1553 527 1569 532 -
1583 500 1610 547 8
1625 530 1640 536 -
1658 502 1723 554 18,

1381 579 1534 630 55552
1551 597 1567 602 ·
1584 570 1730 658 ¹2:2-

1086 670 1259 718 Summa
1271 670 1410 719 totalis
1426 673 1548 737 9883
1560 692 1575 720 1
1591 690 1640 738 -5
1656 704 1673 711 —
1688 677 1728 723 8,

134 801 217 845 Pro
229 811 343 847 tanta
366 801 644 864 pecuniarum
657 796 817 847 summa
830 802 875 848 8(
887 810 952 847 tot
964 800 1121 848 itineris
1133 798 1329 848 molestiis
1343 803 1519 867 Legati,
1539 807 1729 868 quamvis⁴

63 866 170 915 nulli
189 867 341 915 sumtui
364 867 431 915 vel
450 867 588 916 labori
601 868 896 934 pepercissent,
912 867 1014 915 nihil
1026 882 1167 917 tamen
1181 871 1224 916 in
1237 868 1350 918 Aula
1362 872 1729 937 PekitgeJfieffece—

65 940 149 985 rint
160 935 273 984 aliud
285 973 296 995 ,
314 935 388 983 nisi
398 940 517 1002 quod
530 936 698 1005 singulis
711 937 914 986 ostenniis
924 950 1128 1003 tanquam
1139 939 1262 985 amici
1274 941 1514 1005 Legatione
1525 941 1578 988 ad
1593 945 1729 1008 Impe-

65 1020 247 1054 ratorem
266 1006 441 1072 defungi
460 1008 625 1073 poffent
648 1039 662 1061 ‚
690 1021 820 1072 prout
839 1005 937 1071 ipfie
972 1008 1028 1055 ad
1047 1006 1291 1055 Praefe&um
1312 1003 1440 1057 literae
1461 1012 1729 1075 Imperatoris

64 1088 415 1122 commemorant.

133 1147 443 1209 thuanquam
477 1142 693 1192 fraudibus
726 1142 978 1212 Jesuitarnm
1011 1144 1099 1193 haec
1127 1163 1190 1192 res
1212 1158 1365 1208 optato
1390 1164 1479 1194 non
1501 1147 1728 1197 successerit

62 1226 235 1272 eventu,
246 1212 334 1278 spes
346 1226 488 1260 tamen
498 1212 680 1279 superest
692 1246 706 1268 ‚
724 1214 770 1261 id
786 1214 908 1278 quod
919 1216 1175 1282 Magnarum
1187 1214 1463 1279 Pekingensz'um
1475 1211 1602 1282 aliqui
1614 1217 1728 1266 haud

60 1280 237 1330 obscure
255 1281 542 1348 significarunt
560 1318 573 1341 ,
604 1298 731 1347 parva
758 1283 1299 1350 Legationemercaturam
1321 1283 1494 1332 liberam
1515 1287 1729 1351 impetrari

59 1351 187 1416 posie.
220 1354 334 1399 Nam
343 1353 442 1416 quia
455 1354 626 1417 Magnus
639 1351 750 1400 Cham
763 1365 910 1399 contra
928 1351 1134 1420 profugos
1154 1351 1230 1399 sub
1244 1354 1409 1419 Coxinga
1428 1355 1618 1402 Sinenses
1637 1355 1724 1403 bel-a

58 1420 148 1468 lum
159 1422 411 1469 continuum
422 1422 551 1486 gerit,
572 1419 733 1485 nosque
745 1419 857 1468 haud
875 1422 1076 1488 exiguam
1093 1420 1270 1468 navibus
1280 1422 1424 1469 nostris
1434 1441 1608 1487 operam
1617 1442 1721 1472 cona»

59 1505 120 1537 tra
134 1488 383 1538 Piratasillos
392 1487 579 1555 praestare
590 1489 817 1554 possumus,
827 1489 930 1537 hinc
939 1507 984 1536 re
999 1487 1146 1538 melius
1152 1489 1355 1555 perpensa
1366 1491 1483 1540 haud
1494 1493 1604 1540 adeo
1612 1493 1721 1542 diffi-
1751 1539 1756 1544 r

59 1557 158 1606 ciles
168 1559 223 1606 ad
234 1560 487 1606 commercia
498 1572 645 1606 mutua
655 1557 695 1606 se
704 1557 966 1623 praebebunt.

130 1632 242 1675 Inter
254 1626 349 1687 alia,
359 1646 451 1693 quae
461 1626 700 1675 absentibus
712 1626 834 1674 nobis
840 1629 1129 1694 contigerunt,
1139 1643 1238 1677 cum
1250 1629 1409 1697 gaudio
1418 1629 1720 1691 intelleximus,

58 1695 241 1745 validam
250 1695 389 1744 insulae
399 1698 537 1744 Zeilon
548 1695 699 1744 urbem
711 1696 874 1744 Columbo
884 1716 907 1744 a
918 1697 1063 1745 nostris
1082 1712 1384 1765 expugnatam.
1407 1699 1556 1746 Miffus
1565 1700 1722 1749 adeam

61 1764 337 1814 obsidendam
358 1784 456 1814 cum
474 1768 608 1832 copiis
631 1765 820 1814 Gerardns
833 1766 970 1830 Hulft
980 1804 995 1826 ,
1013 1765 1131 1828 cujus
1151 1766 1351 1815 industria
1369 1767 1489 1816 brevi
1510 1783 1722 1835 tempore,

61 1830 307 1901 quanquam
327 1835 454 1883 firmo
466 1836 628 1883 munita
641 1832 832 1900 praesidio
847 1870 859 1893 ‚
877 1836 932 1883 ad
953 1849 1187 1884 extremam
1198 1836 1428 1884 deditionis
1440 1838 1724 1887 necestitatem

61 1903 203 1953 adaEha
211 1903 307 1964 fuit,
319 1904 411 1969 ipso
423 1908 485 1953 H
484 1903 592 1969 ulftio
603 1941 616 1964 ,
634 1904 738 1952 dum
757 1905 868 1952 inter
875 1905 1035 1970 primos
1052 1904 1165 1953 hasta
1176 1920 1354 1953 armatus
1360 1904 1515 1959 vallum
1524 1906 1705 1955 conscen
1716 1938 1723 1942 ν-

61 1974 141 2028 dit,
151 1972 302 2041 glande
311 1972 424 2021 letali
435 1973 669 2040 prostrate,
691 1972 806 2021 unde
818 1975 952 2020 acrior
962 1973 1083 2022 militi
1091 1976 1270 2034 animus,
1286 1987 1494 2040 tantoque
1503 1976 1667 2041 impetu
1680 1979 1725 2025 in

60 2043 223 2091 hostem
235 2042 413 2091 ruebant
422 2081 433 2103 ,
452 2056 500 2090 ut
511 2043 735 2091 deditione
747 2041 944 2090 ultimum
954 2044 1133 2090 exitium
1149 2057 1395 2109 praevertere
1409 2044 1543 2092 coaffi
1553 2080 1565 2101 ‚
1575 2044 1726 2094 urbem

61 2111 379 2159 conditionibus
394 2112 665 2172 tradiderint,
687 2113 857 2178 Magno
879 2113 1097 2160 Societatis
1106 2113 1365 2171 commodo,
1381 2113 1499 2178 quod
1519 2113 1588 2161 ille
1607 2113 1725 2163 locus

62 2183 276 2247 optimum
297 2183 343 2229 8(
362 2179 697 2246 pretiosissimum
717 2194 809 2229 tota
827 2181 1274 2229 Indiacinnamomum
1286 2181 1552 2230 solusmittat.
1584 2186 1634 2230 In
1645 2184 1724 2231 hac

65 2250 342 2316 expeditione
353 2264 500 2315 praeter
511 2249 646 2315 ipsum
658 2249 899 2315 supremum
912 2251 1086 2297 Ducem
1099 2250 1237 2308 multi,
1248 2253 1293 2298 8(
1303 2250 1370 2297 alii
1382 2251 1584 2315 generosa
1596 2253 1723 2299 auda—

64 2321 128 2367 cia
149 2334 388 2386 pugnantes
408 2318 702 2366 occubuerunt
713 2354 725 2377 ,
748 2317 791 2364 id
803 2318 923 2382 quod
936 2318 1118 2366 vi&oriae
1129 2319 1333 2385 gaudium
1344 2317 1457 2365 haud
1470 2336 1601 2382 parvo
1614 2337 1724 2367 moe-

22 2410 23 2416 *
63 2406 156 2436 rore
175 2390 443 2454 temperavit.
476 2385 824 2435 Controversiam
845 2404 1022 2451 quoque
1043 2385 1314 2448 Amlaoinenfi’m
1332 2387 1555 2451 prudentia
1568 2389 1724 2436 Arnoldi

63 2457 108 2504 de
127 2458 301 2524 Vlaming
319 2455 598 2523 compositam
611 2493 623 2515 ,
641 2470 689 2504 ut
706 2454 791 2516 jam
807 2468 898 2503 tuta
919 2457 1070 2503 iterum
1083 2459 1127 2504 8(
1138 2454 1269 2503 libera
1280 2473 1377 2503 cum
1389 2456 1598 2522 indigenis
1607 2476 1722 2505 com«

63 2528 211 2574 mercia
223 2541 511 2580 exerceantur,
523 2529 567 2574 8(
580 2525 688 2590 ipsos
698 2524 961 2587 Pantamenfias
968 2526 1236 2590 Javnnos,qui
1244 2523 1544 2573 rebellaverant
1558 2564 1568 2583 ‚
1592 2526 1724 2572 bello—

64 2614 157 2643 rum
169 2596 359 2659 pertaesos
369 2594 653 2661 conquievisse
664 2592 959 2641 intelleximus.
976 2597 1038 2641 Ita
1050 2596 1236 2641 Societas
1244 2595 1391 2643 Indica
1400 2613 1476 2660 per
1486 2594 1724 2642 latiffiinum

68 2668 297 2712 Oceanum
310 2682 421 2712 arma
433 2663 502 2712 sua
527 2667 573 2712 8(
594 2662 728 2711 claffes
746 2661 986 2711 circumfert
998 2698 1009 2720 ,
1027 2662 1197 2722 insulas,
1210 2662 1334 2710 urbes
1350 2677 1592 2728 expugnat,
1607 2681 1722 2711 com·s

68 2734 219 2779 mercia
246 2732 531 2798 pretiofiffima
561 2750 659 2779 cum
686 2731 965 2779 remotissimis
994 2734 1040 2779 8(
1071 2731 1228 2779 ultimis
1259 2731 1503 2780 nationibus
1538 2748 1722 2781 exercet„

70 2802 291 2865 Qicquid
309 2804 467 2849 Oriens
487 2801 576 2849 sinu
594 2801 669 2849 suo
681 2800 752 2850 alit
763 2803 808 2848 8(
821 2800 982 2866 profert
992 2835 1005 2855 ,
1025 2801 1069 2848 id
1081 2818 1210 2847 omne
1223 2803 1408 2848 Societas
1417 2800 1535 2848 suum
1548 2803 1661 2855 facit,
1671 2820 1720 2849 ac

69 2869 358 2917 adamantibus
369 2873 413 2918 8(
426 2873 674 2937 margaritis,
693 2869 792 2917 vasis
809 2869 1058 2917 Porcellanis
1079 2873 1123 2917 &
1139 2869 1396 2917 aromatibus
1410 2906 1422 2928 ,
1435 2869 1619 2918 scrico&
1629 2870 1719 2938 gos-

67 2937 188 3003 sypio
209 2937 373 3003 stipatas
392 2941 438 2987 in
456 2942 631 3004 patriam
652 2938 788 2986 classes
797 2940 1023 3004 quotannis
1038 2940 1235 2996 remittit,
1255 2938 1721 2988 undeinexhaustusdi-

68 3008 261 3054 viciarum
288 3006 407 3066 fons,
434 3010 479 3055 8(
500 3006 711 3073 praevalidi
734 3025 808 3073 per
828 3007 996 3055 Indiam
1016 3021 1123 3056 terra
1139 3009 1329 3073 marique
1346 3010 1553 3057 exercitus
1572 3022 1716 3056 contra.

69 3092 242 3124 omnem
255 3074 444 3126 hostilem
459 3078 545 3124 vim
558 3079 602 3126 in
613 3079 734 3125 armis
744 3075 969 3125 excubant.

1648 3145 1723 3189 De
