2114 3412
292 122 342 191 '2
654 130 796 189 ‘Pars
815 122 984 196 ultima
1006 123 1292 209 Legatiomls
1313 124 1581 184 Batavicae
1599 163 1617 190 ,

309 231 423 295 Regi
448 226 703 293 obsequium
714 267 729 288 ‚
747 243 845 274 nam
860 227 1007 274 tritum
1021 225 1141 292 apud
1161 225 1274 290 ipsos
1286 225 1447 273 dietum
1457 224 1517 272 est
1533 264 1548 285 ,
1568 226 1752 293 honestam
1763 242 1975 280 matronam

311 302 405 348 duos
417 298 558 366 nescire
568 301 739 357 maritos,
750 298 946 362 necfidmn
960 299 1130 344 clientem
1143 297 1243 343 binos
1252 300 1335 361 pati
1346 296 1485 361 (Reges.
1525 297 1638 344 Nam
1654 309 1818 345 tantum
1828 298 1892 346 bis
1905 301 1972 349 vel

312 384 376 417 ter
385 366 812 434 contigisselegimus,
820 366 942 433 quod
960 369 1212 432 Imperator,
1223 384 1321 413 cum
1335 366 1463 412 Filios
1474 382 1610 431 regno
1620 366 1800 430 impares
1811 366 1973 429 judica-

309 452 400 497 ret,
424 436 528 496 aliis,
541 455 639 487 cum
650 436 806 502 quibus
822 435 983 484 nullam
998 435 1206 503 sanguinis
1224 434 1574 487 neceffitudinem
1591 433 1776 483 habebat
1788 476 1802 497 ,
1814 437 1975 502 sceptra

309 506 545 557 tradiderit.
1178 551 1184 557 .

379 578 421 623 Si
437 565 578 642 plures
595 577 848 642 Imperatori
867 575 966 635 filii,
1000 593 1089 623 uno
1108 576 1151 622 in
1167 574 1327 622 throno
1344 571 1531 621 stabilito
1544 611 1556 634 ,
1573 572 1728 640 reliqui
1738 578 1877 642 Reges
1893 595 1974 626 no-

309 647 426 695 mine
439 684 451 705 ,
473 664 564 693 non
584 645 793 711 potestate
805 685 819 706 ‚
855 646 1097 692 Provincias
1113 644 1323 709 urbesque
1335 647 1380 691 &
1399 660 1455 690 ex
1479 645 1624 690 aerario
1637 643 1819 708 publico
1831 647 1974 696 trime-

311 716 413 764 stres
427 716 623 782 dignitati
638 715 807 763 tuendae
823 714 983 761 reditus
993 715 1211 779 accipiunt
1223 750 1235 772 ,
1260 713 1375 760 nulla
1394 715 1438 760 in
1454 711 1645 760 subditos
1664 714 1872 780 ampliore
1890 735 1976 782 po-

311 786 472 834 testate.
508 787 645 852 Regia
655 785 723 832 sua
738 784 880 851 egredi
895 822 909 844 ‚
944 784 1122 850 capitale
1133 782 1191 830 est
1204 805 1215 828 ·.
1230 784 1286 830 ita
1297 781 1472 830 honesta
1481 781 1672 830 custodia
1681 782 1864 832 ambitio
1874 785 1972 851 plu-

311 857 421 903 rium
443 870 678 903 coercetur.

143 933 257 983 {teges-
379 927 515 992 Leges
531 925 645 990 apud
657 923 752 971 illos
772 941 870 971 cum
889 922 1166 988 Imperatoria
1185 920 1313 987 stirpe
1332 934 1551 968 mutantur
1561 949 1574 979 ‚-
1597 935 1645 969 ut
1659 922 1840 989 quisque
1851 923 1973 974 fami-

145 981 284 1050 }:ffiffism'
311 994 410 1046 liam
429 995 602 1053 condit,
634 995 691 1041 ita
712 1011 794 1059 pro
814 992 992 1040 arbitrio
1007 991 1155 1039 statuta
1177 993 1243 1038 vel
1262 992 1440 1050 retinet,
1463 990 1530 1038 vel
1548 1005 1696 1040 mutat.
1740 993 1976 1045 Hodiernae

143 1060 277 1131 ἓξζὲξξῑᾶ
311 1066 423 1131 leges
442 1065 494 1112 ab
509 1067 700 1128 Huuyvo
718 1100 731 1122 2
765 1063 1009 1110 Conditore
1025 1061 1194 1109 familiae
1212 1062 1468 1127 Taimingae,
1483 1063 1558 1126 qui
1575 1061 1727 1128 Zingis
1739 1063 1974 1112 Chamicos

144 1143 266 1173 variant.
310 1136 510 1182 Tartaros
526 1134 698 1182 ultimus
715 1132 886 1198 expulit
897 1136 1030 1179 Anno
1050 1130 1275 1179 millesimo
1291 1130 1586 1178 trecentesimo
1606 1129 1882 1197 sexagesinm,
1893 1134 1974 1180 ini-

310 1205 419 1251 tium
443 1205 611 1253 sumunt
632 1242 646 1264 ,
681 1221 782 1268 quas
801 1202 1055 1250 recentiores
1076 1202 1242 1248 Tartari
1264 1200 1507 1248 orientales
1540 1202 1701 1251 Niuche
1721 1204 1766 1249 8(
1790 1203 1974 1252 Niulhan
2112 1221 2114 1247 ι

309 1276 464 1338 partim
479 1276 766 1332 retinuerunt,
777 1273 931 1337 partim
946 1271 1025 1318 suis
1044 1270 1239 1318 institutis
1257 1270 1648 1320 accommodarunt.

143 1365 279 1407 Impera-
376 1345 682 1409 Imperatorem
701 1341 940 1389 Communi
957 1342 1134 1387 nomine
1159 1340 1331 1402 Thiensu
1347 1377 1358 1398 ,
1390 1339 1435 1386 id
1454 1339 1514 1386 est
1536 1337 1764 1402 soelifilimn
1787 1356 1970 1390 vocant:
2110 1336 2114 1396 ἰ

142 1406 296 1478 ξῖξξῇζζ,
311 1431 409 1460 nam
426 1412 721 1463 Thiencoelum
734 1410 829 1477 ipsis
846 1446 858 1470 ,
892 1412 938 1458 8(
952 1413 1009 1460 Su
1027 1409 1177 1469 Filius,
1200 1408 1427 1456 manifesto
1440 1424 1694 1475 argumento
1718 1411 1944 1476 Scythicos
1956 1452 1972 1473 ,
2109 1441 2114 1471 ς

135 1488 267 1527 fievoca-
310 1485 356 1530 8<
369 1481 555 1532 Alanicae
567 1481 634 1529 vel
652 1482 865 1545 Gothycae
875 1480 1051 1545 originis
1065 1478 1147 1526 effe
1158 1519 1172 1540 ‚
1194 1477 1311 1526 unde
1330 1477 1443 1527 forte
1461 1479 1599 1544 ipsum
1612 1476 1794 1544 (athayae
1812 1494 1975 1532 nomen
2109 1475 2114 1526 l

143 1539 198 1562 Μ’
308 1551 460 1611 fluxit,
493 1550 615 1616 quod
638 1548 894 1616 quibusdam
914 1546 1027 1596 haud
1047 1546 1223 1597 absurda
1238 1549 1449 1614 opinione
1467 1548 1668 1615 placuiffe
1684 1549 1975 1616 deprehendi*
2107 1546 2114 1618 ί

305 1640 399 1672 mus
412 1659 423 1681 ‚
447 1639 538 1669 non
559 1635 700 1669 tamen
711 1620 734 1667 a
745 1618 862 1667 coelo
871 1619 1066 1685 genitum
1075 1617 1258 1666 credunt
1268 1654 1279 1674 ‚
1300 1617 1371 1665 sed
1386 1618 1509 1684 quod
1518 1636 1604 1685 prae
1619 1618 1796 1685 reliquis
1810 1636 1973 1672 morta-
2106 1625 2110 1676 l

305 1694 412 1742 lium
427 1693 466 1738 ei
484 1692 631 1738 charus
640 1692 700 1750 ,ὃς
718 1689 967 1737 anaoritate
985 1689 1183 1736 emineat.
1228 1686 1353 1736 Plebs
1370 1691 1679 1755 Imperatorem
1689 1691 1974 1760 Hoangtiap-
2106 1680 2110 1720 Ι

304 1762 535 1829 pellat‚qu‘1
554 1769 668 1808 anno
685 1773 782 1808 ante
802 1756 1021 1806 Christum
1032 1771 1179 1807 natum
1195 1756 1260 1804 bis
1271 1756 1498 1806 millesimo
1513 1757 1819 1810 sexcentefimo
1832 1779 1968 1811 nona·
2104 1752 2109 1809 l

305 1832 469 1898 gesimo
479 1831 662 1896 septimo
672 1828 797 1878 rebus
808 1826 978 1894 praefuit
987 1867 1003 1888 ,
1028 1828 1151 1893 quod
1166 1845 1326 1875 nomen
1337 1864 1349 1886 ,
1366 1825 1428 1874 ob
1444 1828 1647 1878 virtutem
1657 1830 1703 1877 in
1716 1847 1864 1878 omnes
1876 1830 1972 1879 suc-⁴

305 1902 482 1948 ceffores
502 1902 762 1957 derivatum,
787 1899 848 1946 uti
865 1898 1044 1963 AEgypti
1066 1901 1207 1963 Reges
1227 1895 1478 1956 Ptolomaei,
1510 1899 1556 1945 8<
1577 1899 1766 1945 Romani
1784 1901 1974 1965 Impera-

307 1985 420 2017 tores
431 1968 611 2018 Caesares
622 1967 854 2019 audiebant
866 2006 880 2027 ,
899 1981 1041 2026 terrae,
1074 1966 1143 2013 vel
1155 1964 1362 2032 significat
1374 1967 1543 2013 Flavum
1557 1963 1747 2029 [cesarem
1767 1967 1792 2014 a
1814 1967 1969 2017 vestitu
2102 1986 2107 2013 ι

306 2038 441 2086 Flavo
453 2036 532 2103 ipsi
553 2036 859 2096 soliconcesso,
880 2049 929 2082 ut
946 2052 1136 2100 purpura
1152 2034 1385 2092 Romanis3
1420 2033 1491 2081 sed
1511 2033 1604 2081 sunt
1616 2037 1662 2084 8<
1677 2035 1766 2085 aliae
1785 2037 1971 2086 rationes
2100 2032 2105 2044 '¹

305 2125 420 2156 nunc
435 2125 523 2155 non
533 2105 775 2155 referendae.

140 2185 281 2233 Eruditio
374 2180 611 2243 Imperator
635 2193 813 2242 regnum
832 2191 909 2240 per
925 2171 1196 2240 Magistratus
1215 2172 1300 2220 sola
1330 2171 1523 2221 dodfflna
1542 2174 1588 2221 δε
1612 2173 1853 2240 integritate
1862 2193 1970 2224 con-

142 2227 281 2300 ζὲζῑῗῑὲξί
306 2246 472 2312 spicuos
485 2244 716 2312 gubernat:
730 2243 847 2293 nulla
863 2242 924 2290 ibi
939 2242 1018 2292 alia
1028 2243 1080 2290 ad
1096 2243 1320 2309 dignitates
1333 2241 1498 2301 via,niss
1507 2260 1637 2308 quam
1647 2243 1848 2305 eruditio,
1865 2261 1971 2312 pru-

140 2311 196 2341 ''¹²¹·
308 2317 452 2364 dentia
466 2317 510 2363 &
529 2315 660 2362 virtus
672 2316 807 2380 aperit
828 2333 838 2360 z
861 2316 998 2362 caeteri
1010 2311 1129 2360 velut
1148 2311 1313 2377 indigni
1333 2310 1634 2362 excluduntur.

142 2410 264 2441 Omnes
377 2387 626 2433 Commune
636 2387 831 2432 omnium
843 2400 1002 2430 nomen
1020 2383 1197 2451 Qonfu,
1213 2376 1326 2429 idest
1343 2384 1532 2446 Praefides
1552 2383 1598 2430 δέ
1621 2385 1763 2443 Lavye
1772 2380 1841 2429 vel
1853 2386 1969 2433 Lau-

140 2451 245 2521 }{ffssffig
313 2459 388 2514 tie⁷
409 2454 453 2501 id
473 2452 532 2500 est
552 2456 691 2501 (Patres
710 2453 777 2501 vel
798 2455 964 2501 Domini.
1012 2451 1199 2499 Lusitani
1220 2455 1287 2501 M
1280 2454 1478 2500 andarinos
1499 2451 1521 2496 εὶ
1544 2455 1608 2499 M
1604 2452 1778 2499 andando
1795 2487 1808 2509 ,
1843 2454 1969 2519 quod
2107 2420 2114 2530 ¹

140 2532 278 2564 dicuntur
311 2524 414 2586 jussh
426 2540 577 2571 eorum
595 2524 682 2570 vim
694 2523 858 2588 imperii
879 2521 1084 2580 habeant,
1115 2521 1407 2587 appellarunt,
1439 2520 1571 2586 idque
1587 2537 1748 2569 nomen
1765 2522 1967 2589 Europaei
2094 2505 2114 2555 l·

140 2573 255 2614 anu'
311 2592 552 2642 Sinensibus
572 2592 669 2658 ipsis
689 2594 909 2655 ignotum,
933 2604 1201 2656 acceperunt.
1237 2593 1408 2639 Summa
1425 2589 1602 2656 quidem
1622 2591 1872 2654 Imperatori
1883 2610 1971 2659 po:-
2092 2546 2112 2663 {i

307 2663 443 2723 testas,
451 2662 521 2710 sed
532 2679 659 2727 quam
670 2662 859 2719 arbitrio,
870 2662 1044 2708 monitis
1055 2697 1067 2718 ,
1077 2659 1256 2707 consilio
1267 2660 1438 2708 suorum
1448 2672 1671 2723 temperat,
1683 2660 1729 2708 &
1747 2677 1804 2707 ex
1814 2679 1973 2715 eorum
2092 2642 2111 2743 {f

245 2793 248 2795 ‚
293 2731 509 2784 'sententia
522 2771 535 2790 ,
570 2730 727 2798 probat
746 2728 954 2795 postulata
976 2729 1043 2777 vel
1063 2728 1293 2794 improbat.
1327 2734 1395 2778 Ac
1414 2728 1443 2776 fi
1463 2727 1672 2793 quispiam
1692 2730 1968 2795 Regiimme-
2090 2743 2110 2795 ι)

308 2801 420 2849 diate
438 2800 633 2849 libellum
653 2799 887 2866 supplicem
907 2799 1042 2846 tradat
1061 2837 1073 2858 ‚
1107 2798 1294 2847 eundem
1313 2797 1365 2847 ad
1386 2796 1566 2845 tribunal
1587 2798 1764 2845 remittit
1781 2817 1881 2848 cum
1899 2799 1971 2847 his
2088 2788 2109 2812 ⁸¹

310 2869 461 2917 verbis.
500 2873 696 2918 Excutiat
714 2872 809 2917 hunc
824 2869 982 2916 libellum
1002 2869 1169 2917 tribunal
1173 2869 1479 2934 cujus,interss,
1510 2869 1553 2914 δ’
1576 2886 1634 2913 me
1657 2882 1806 2915 moneat
1819 2871 1914 2935 quid
1928 2872 1969 2916 in
2087 2906 2107 2924 ,,

309 2939 379 2984 hac
398 2958 437 2985 re
455 2941 639 3004 agendum
654 2941 809 3002 judicet.
848 2943 916 2986 Ac
943 2955 998 2984 ne
1018 2937 1141 2985 donis
1161 2936 1338 3001 quidem
1362 2935 1429 2983 vel
1449 2934 1600 2982 officiis
1620 2953 1869 3002 quenquam
1886 2937 1966 2986 nifi
2104 2936 2105 2939 ¹

309 3007 658 3056 commendatum
667 3007 796 3055 afficit
809 3034 821 3064 ‚-
841 3005 917 3053 nisi
927 3006 1141 3054 interdum
1152 3046 1166 3067 ‚
1188 3005 1333 3052 favore
1344 3004 1682 3052 extraordinario
1698 3008 1743 3054 &
1753 3004 1966 3072 potestate

310 3075 640 3142 antiquaitaipfi
659 3076 862 3126 videatur.
899 3074 983 3123 Sed
1003 3075 1088 3125 hoc
1112 3092 1200 3126 non
1217 3072 1269 3124 fit
1286 3073 1310 3121 ὲ
1325 3073 1534 3141 publico,
1558 3073 1629 3122 sed
1640 3075 1809 3143 privato
1818 3073 1966 3134 censu<²

1863 3158 1964 3194 nam
