2114 3412
342 154 406 212 ad
418 153 732 236 Magnum
746 148 1002 211 Tartariae
1018 153 1242 234 Sinaeque
1262 152 1305 211 C
1303 148 1510 209 hamum.
1690 168 1715 212 8
1730 165 1753 210 Ῑ

105 260 237 326 plicat
248 256 504 304 duodecima
515 255 648 302 unciae
669 271 761 318 pars
781 252 947 318 spiritus
964 253 1110 301 vitales
1129 252 1370 311 &calorem
1383 254 1575 299 innatum
1597 272 1606 297 ε
1645 254 1761 301 unde

103 328 285 377 robustis
307 329 351 375 8<
368 323 510 371 calidis
529 322 659 371 letalis
671 322 886 382 censetur3
923 321 1018 368 solis
1037 322 1243 368 convenit
1262 320 1474 368 debilibus
1488 325 1531 369 δ’(
1548 321 1761 369 exhaustis

105 396 277 446 morbo.
312 395 513 457 Animam
524 406 696 459 agentes
707 390 888 438 restituit
900 431 915 452 2
935 392 1098 456 u'tsaepe
1108 390 1415 436 convalescant.
1451 390 1578 438 Libra
1587 389 1677 452 ejus
1688 394 1760 439 tri-

108 469 189 515 bus
204 466 365 530 argenti
381 461 495 509 libris
512 462 725 509 venditur.

171 539 220 582 In
237 541 301 586 X
302 535 383 598 ensi
390 532 717 580 Rhabarbarum
732 532 837 577 Sinis
855 530 1050 596 Taihoang
1064 566 1076 588 ‚
1108 529 1152 575 id
1168 526 1227 575 est
1245 526 1406 574 summe
1423 526 1597 587 flavum>
1610 545 1763 594 magna

110 621 210 653 cura
226 603 452 669 plantatur.
490 596 649 662 Terra,
664 604 706 648 in
717 616 803 665 qua
821 600 1012 647 luxuriat
1023 637 1035 659 ‚
1049 598 1175 645 rubra
1192 595 1251 643 est
1271 597 1316 642 &
1334 595 1469 643 lutosa
1483 594 1544 642 ob
1561 595 1699 644 fontes
1717 601 1763 646 Sc

107 673 272 740 pluvias
289 671 417 720 :solia
428 689 508 737 pro
523 673 689 720 ratione
704 669 858 735 plantae
873 671 1004 735 magis
1027 667 1094 716 vel
1108 670 1244 717 minus
1255 665 1425 712 duobus
1444 664 1594 730 palmis
1610 666 1737 733 longa
1752 706 1764 727 3

108 743 273 791 inferne
284 740 475 809 angusta,
489 739 667 806 superne
682 738 819 805 ampla
831 777 843 800 ‚
871 738 1026 788 limbus
1046 737 1218 785 illorum
1239 736 1483 801 lanuginem
1496 736 1674 799 pilosam
1690 737 1763 783 haw

107 813 199 873 bet,
213 830 307 877 quae
323 825 478 869 tamen,
488 808 562 856 ubi
574 808 874 858 adolescunt&
891 813 1166 867 maturantur,
1174 807 1434 853 marcescunt
1447 843 1461 864 ,
1473 804 1518 850 &
1535 804 1763 853 flavescen-

108 896 172 931 tes
187 885 232 930 in
257 896 409 929 terram
426 880 653 927 declinant.
688 879 887 926 Truncus
911 897 1001 927 uno
1018 876 1164 944 palmo
1184 876 1306 940 supra
1325 891 1477 922 terram
1495 876 1655 923 eminet
1669 912 1682 934 2
1707 893 1764 923 ex

109 969 298 1018 quorum
308 948 455 998 medio
465 966 601 996 ramus
617 949 777 995 subtilis
794 947 968 996 onustus
984 947 1162 995 floribus
1178 983 1190 1005 ,
1215 943 1339 993 violis
1368 945 1529 1009 magnis
1550 962 1641 992 non
1656 943 1763 991 absi-

110 1021 297 1080 milibus,
315 1020 516 1066 verticem
532 1019 664 1079 tollit,
682 1020 756 1083 qui
773 1017 898 1065 succo
914 1017 1110 1084 expresso
1121 1015 1244 1064 instar
1259 1012 1373 1061 lastis
1391 1012 1585 1062 coeruleo
1596 1027 1762 1080 turget3

110 1091 292 1138 odorem
309 1101 496 1144 acutum,
509 1105 640 1151 quem
656 1105 772 1134 nares
782 1086 1027 1147 offendunt,
1038 1084 1344 1134 redolentibus,
1377 1083 1525 1131 Radix
1539 1102 1628 1133 non
1639 1101 1740 1130 cava
1753 1121 1767 1143 ,

110 1159 181 1207 sed
204 1159 328 1206 densa
346 1198 359 1218 ,
394 1158 440 1203 8<
462 1157 611 1222 passim
635 1157 856 1215 tuberosa,
879 1175 1009 1222 quam
1026 1169 1133 1201 terra
1150 1155 1360 1212 recondit,
1395 1154 1518 1201 unius
1534 1190 1546 1213 ,
1579 1153 1766 1200 duorum

112 1231 295 1277 triumve
331 1227 573 1292 palmorum
608 1226 880 1292 longitudine
897 1263 910 1286 ,
941 1226 1088 1274 colore
1113 1223 1370 1270 subobscure
1397 1223 1517 1269 viridi
1540 1262 1554 1281 ,
1589 1224 1768 1270 crassitie

112 1298 380 1363 quandoque
399 1296 632 1344 humanum
652 1295 872 1342 brachium
893 1296 1140 1360 adaequans3
1168 1294 1297 1340 varias
1312 1292 1582 1339 circumcirca
1600 1291 1768 1340 soboles

112 1367 187 1414 alit
205 1406 219 1426 ‚
253 1368 408 1432 quibus
434 1364 594 1412 reseffis
621 1366 911 1429 (Rhabarbarmn
937 1364 1117 1412 divisum
1136 1366 1181 1410 i‘n
1202 1361 1328 1409 frusta
1345 1398 1356 1420 ³
1388 1379 1557 1408 carnem
1582 1361 1770 1409 interdiu

113 1435 214 1483 flavi
231 1435 390 1484 coloris
409 1436 550 1482 rubeis
571 1434 767 1481 refertam
783 1435 898 1481 venis
909 1433 1118 1491 ostendit,
1139 1450 1194 1479 ex
1215 1449 1300 1496 qua
1320 1432 1462 1478 succus
1473 1430 1699 1479 flavescens
1720 1432 1769 1478 &

114 1505 272 1554 rubeus
292 1504 458 1553 lentore
479 1504 670 1570 quodam
688 1502 867 1551 viscosus
885 1502 1067 1550 distillat.
1111 1504 1181 1548 Ne
1203 1500 1311 1566 quid
1336 1501 1488 1547 virium
1507 1502 1551 1546 in
1575 1499 1771 1547 Rhabar-

113 1575 221 1624 baro
235 1588 381 1642 pereat
393 1610 407 1636 ,
423 1575 687 1640 experientia
706 1571 878 1633 docuit5
911 1571 1086 1620 humida
1101 1569 1171 1618 illa
1195 1570 1344 1618 frustra
1363 1583 1454 1617 non
1468 1582 1574 1616 mox
1587 1569 1675 1617 Soli
1690 1587 1772 1618 ex-

114 1644 332 1712 ponenda,
343 1644 413 1694 sed
424 1645 539 1710 prius
558 1646 601 1689 in
618 1643 817 1708 oblongis
832 1641 1081 1708 reponenda
1098 1638 1263 1699 mensis,
1276 1639 1511 1706 saepiusque
1529 1637 1688 1686 eodem
1698 1638 1770 1686 die

113 1713 374 1763 revolvenda
385 1727 455 1774 ,ut
472 1731 547 1779 per
557 1713 641 1760 hoc
658 1711 887 1760 artificium
904 1710 1047 1759 succus
1057 1709 1203 1758 sensim
1221 1709 1474 1769 concrescat,
1487 1710 1563 1772 qui
1580 1707 1768 1774 plerum-

115 1802 202 1852 que
217 1785 326 1832 -intra
344 1784 620 1851 quatriduum
644 1782 882 1830 incrassatur
896 1819 908 1842 ‚
940 1780 1057 1829 unde
1078 1793 1181 1827 tunc
1202 1779 1408 1828 transaffis
1430 1796 1508 1844 per
1531 1777 1680 1825 frustra
1698 1777 1771 1827 illa

116 1853 347 1913 funiculis,
379 1868 608 1919 exponunt
627 1866 758 1900 vento
773 1888 785 1909 ,
817 1850 919 1899 loco
943 1866 1084 1899 tamen
1101 1849 1330 1909 umbroso,
1351 1866 1406 1896 ne
1423 1847 1548 1897 radiis
1567 1847 1771 1895 solaribus

117 1925 446 1988 contingantur,
479 1923 672 1988 alioquin
698 1920 953 1968 unffiiossim
976 1920 1083 1967 illud
1117 1918 1344 1966 humidum
1363 1921 1406 1965 in
1431 1935 1609 1983 vapores
1641 1917 1772 1965 resol-

117 2005 308 2051 veretur,
339 1997 533 2040 emortua
563 2005 727 2039 tantum
745 1990 886 2038 radice
913 1990 999 2037 sine
1027 1988 1185 2036 viribus
1217 1986 1448 2053 superstite.
1504 1985 1772 2034 Effodiendo

119 2062 373 2125 (Rhabar'baro
391 2061 633 2126 hybernum
661 2075 828 2125 tempus
862 2060 1077 2126 optimum
1105 2059 1327 2124 peritiores
1350 2058 1544 2103 Sinarum
1577 2057 1770 2103 Botanici

121 2129 315 2190 tradunt,
347 2145 571 2195 antequam
592 2130 740 2177 viridia
760 2129 864 2177 folia
891 2127 1128 2194 pullulent,
1160 2127 1266 2175 dum
1284 2125 1428 2173 succus
1463 2127 1509 2172 δε
1534 2125 1662 2172 virtus
1679 2143 1769 2171 ma-

119 2201 186 2265 gis
202 2200 321 2246 unita
354 2198 461 2246 sunt.
504 2205 649 2256 Quam
669 2198 906 2247 succulenta
930 2198 1051 2245 radix
1078 2197 1128 2245 fit
1147 2233 1159 2256 ‚
1191 2196 1327 2261 liquet
1343 2232 1355 2254 ‚
1395 2194 1515 2259 quod
1536 2198 1768 2259 cxleptem

122 2268 239 2316 libris
272 2269 448 2316 recentis
464 2305 476 2327 ‚
509 2271 582 2313 vix
612 2287 694 2315 una
716 2266 786 2314 vel
806 2268 933 2314 altera
966 2266 1113 2313 siccata
1146 2263 1333 2329 superfit.

188 2340 258 2387 Ex
286 2346 351 2389 X
351 2340 433 2405 enfi
451 2339 493 2383 ἃ
517 2339 689 2385 Stichum
711 2373 723 2395 ‚
756 2353 903 2382 omnes
923 2334 1011 2381 fere
1034 2331 1359 2382 Rhabarbarum
1382 2330 1435 2377 ad
1459 2348 1536 2378 nos
1560 2331 1605 2377 in
1628 2332 1767 2379 Euro-

120 2424 222 2473 pam
239 2409 357 2455 venit
374 2445 387 2466 ,
423 2406 620 2453 [ivemari
638 2445 650 2465 ,
683 2406 766 2453 sive
795 2417 901 2451 terra
922 2421 998 2468 per
1013 2406 1163 2468 Regna
1185 2403 1348 2461 Galam,
1385 2401 1538 2461 Tebet,
1573 2403 1766 2467 Mogol&

123 2478 308 2542 Persium.
360 2475 490 2524 Unde
513 2490 650 2522 errant
669 2512 680 2532 ,
713 2479 788 2538 qui
815 2471 874 2519 ibi
898 2473 1078 2520 crescere
1105 2470 1358 2518 arbitrantur
1392 2487 1402 2513 :
1438 2486 1539 2520 nam
1562 2468 1648 2517 sola
1672 2472 1771 2517 Sina

122 2544 446 2594 Rhabarbarum
469 2545 702 2609 producit3
749 2541 860 2590 uude
886 2543 1023 2590 caeteri
1051 2536 1207 2607 populi
1235 2552 1428 2606 petentes
1459 2539 1512 2589 ad
1537 2557 1616 2587 nos
1650 2538 1770 2586 defe-

124 2629 234 2664 runt.

196 2683 333 2749 Apud
354 2692 417 2735 X
418 2686 551 2748 making
563 2722 574 2743 ,
597 2687 829 2746 Scorzmzeriz
847 2680 1005 2728 viribus
1024 2683 1239 2744 Europaea
1259 2680 1388 2745 longe
1406 2675 1689 2725 excellentior
1705 2693 1773 2725 re·-

124 2752 313 2819 perstur,
326 2769 420 2816 quae
428 2759 757 2819 praelcntan'eum
779 2749 1026 2816 pestilentiae
1038 2749 1274 2797 remedium
1285 2784 1297 2806 ,
1313 2750 1358 2795 8<
1373 2761 1485 2796 certa
1500 2747 1653 2793 veneni
1664 2749 1771 2794 anti-

127 2821 256 2885 dotus
268 2819 503 2869 celebratur
516 2860 528 2881 ,
550 2822 662 2869 unde
682 2819 853 2886 singulae
870 2818 1039 2866 fiuniliae
1051 2818 1159 2866 hauc
1169 2817 1352 2865 radicem
1367 2857 1380 2877 ,
1415 2828 1619 2880 tanquam
1642 2819 1771 2866 Pana·

127 2892 325 2949 cattum&
333 2890 564 2939 universale
574 2891 626 2937 ad
636 2907 768 2939 omne
778 2888 918 2936 morbi
929 2906 1060 2953 genus
1075 2885 1309 2935 remedium
1321 2922 1333 2945 ,
1352 2884 1471 2933 domi
1481 2884 1703 2933 reservant.

196 2960 248 3006 In
262 2958 437 3025 IQ'angfi
450 2960 529 3007 flos
561 2965 685 3020 Lien,
714 2957 836 3019 cujus
860 2958 981 3004 radix
999 2955 1202 3022 praestans
1241 2958 1345 3003 Haec
1360 2954 1482 3004 radix
1498 2953 1676 3002 crassitie
1695 2953 1774 3002 hu-

130 3029 245 3076 mani
259 3028 447 3089 brachii,
463 3032 590 3076 trium
606 3043 842 3095 quatuorve
859 3025 1018 3091 pedum
1032 3024 1257 3073 altitudine
1275 3026 1437 3072 interra
1451 3022 1592 3073 subtili
1607 3023 1753 3071 crescit
1764 3056 1778 3082 ‚

131 3094 301 3147 nodulis
320 3097 557 3145 arundineis
573 3097 775 3147 distinc‘la,
811 3098 979 3142 Cortex
1001 3096 1190 3142 exterior
1205 3092 1361 3143 solidus
1377 3096 1422 3143 8<
1437 3096 1578 3143 bonus
1583 3131 1598 3153 ,
1612 3089 1779 3140 medul-

1140 3161 1152 3213 l
1740 3155 1781 3207 la
