2114 3412
345 149 367 188 1
380 147 444 195 14
684 126 823 184 Pars
827 119 1037 204 secunda
1058 115 1336 205 Legationis
1355 121 1619 180 Patavicae

340 229 559 278 deramine
580 224 654 273 suo
675 238 859 290 quatuor
878 227 924 273 &
945 225 1095 272 decem
1123 224 1309 271 civitates
1342 224 1486 290 dirigit
1513 258 1527 278 ‚
1564 219 1748 288 Cingcheu
1776 258 1788 281 ,
1824 224 2004 289 Liszgyhi,

341 299 482 362 Pohing
502 332 515 355 ,
536 298 695 359 Caoyven
707 328 721 348 ‚
741 297 877 360 Logan
897 330 909 354 ‚
931 297 1150 358 Xeuqumg
1167 328 1181 352 ³
1199 288 1369 359 Charglo
1387 329 1399 352 ,
1419 296 1559 344 Linkm
1576 329 1588 354 2
1610 291 1759 340 Gankt'n
1768 330 1782 352 ,
1805 293 2002 360 Chuching,
2107 312 2111 325 ¹

344 370 509 431 ,thgin
521 400 533 423 ,
554 364 639 425 Kin
650 398 664 419 ‚
684 365 803 422 qui,
830 362 1032 428 (quarum
1045 360 1274 427 primariae)
1291 364 1338 410 8<
1352 363 1508 411 Gechao.
1935 422 1938 424 v

408 437 453 481 T
468 452 492 480 E
505 451 532 479 N
546 450 571 478 o
583 452 607 480 c
618 451 645 480 H
656 451 680 479 E
695 449 724 479 υ
748 435 897 498 quinta
913 433 1142 480 Provinciae
1151 429 1406 498 Metropolis
1426 468 1439 491 ,
1472 449 1556 496 qua
1579 434 1742 479 Ortum
1755 468 1769 490 ‚
1791 430 2006 480 Occasum·

341 508 387 553 &
412 505 590 551 Boream
608 502 765 567 specht
779 541 792 562 ,
811 502 1016 549 maritima
1032 500 1113 561 est,
1132 502 1178 548 &
1202 502 1246 547 in
1269 499 1399 548 insula
1424 499 1497 548 sita
1510 536 1521 558 ,
1538 502 1728 564 quamvis
1747 500 2004 563 territorium

340 574 569 621 maximam
591 587 754 637 partem
775 572 995 618 continens
1016 568 1076 617 fit.
1122 572 1255 617 Mons
1290 566 1428 632 [hevii
1461 570 1516 617 ad
1551 571 1730 617 Boream
1754 567 1866 616 urbis
1883 572 2010 632 matis

340 646 551 707 impetum
571 642 747 687 coercet.
793 639 868 687 Ad
887 640 1116 688 fluviorum
1140 640 1278 688 fauces
1295 639 1385 687 duo
1407 640 1672 686 munimenta
1683 635 1886 685 exstruitis
1898 636 2008 699 sunt,

341 711 494 760 Xechin
514 713 560 759 &
578 709 676 757 Chin.
718 708 798 757 Ob
818 711 939 756 maris
959 709 1154 755 viciniam
1175 706 1308 755 ostrea
1328 709 1398 757 hic
1416 706 1588 773 copiosa
1608 708 1783 765 dantur,
1803 709 1848 754 &
1860 722 2007 771 praeter

340 794 496 828 naturae
507 779 702 826 ordinem
715 778 939 827 arundines
952 777 1162 842 quadratae
1172 775 1396 825 luxuriant.
1432 776 1553 824 Οᾶο
1562 776 2007 842 civitatibuslmperat.

341 848 539 914 Tengcheu
553 886 566 907 ,
587 850 650 895 H
647 866 760 913 oang,
783 847 940 906 Foxan,
962 846 1131 906 Leuhia,
1150 841 1372 909 Chaoyven,
1392 847 1583 911 Labung,
1607 845 1783 912 Ninghai
1798 880 1810 904 ,
1829 862 2007 911 quarum

341 919 536 985 primaria
557 916 615 964 est
633 921 811 980 Venteng.
1580 912 1584 918 ’

411 989 450 1034 L
463 1004 487 1032 A
504 1005 517 1032 1
534 1003 558 1031 c
571 1004 597 1032 H
612 1003 638 1031 Es
649 1002 677 1031 υ
706 984 822 1032 sexta
846 985 1075 1033 Provincia:
1091 984 1351 1050 Metropolis
1369 984 1423 1032 ad
1442 982 1607 1034 laevam.
1651 982 1788 1032 Fluvii
1811 985 1847 1031 Υ
1841 1003 1859 1031 e
1878 981 2007 1045 jacet,

343 1057 416 1120 qui
440 1054 479 1102 se
497 1057 541 1101 in
563 1057 796 1101 Oceanum
815 1067 1035 1102 exonerat.
1078 1052 1182 1115 Ejus
1201 1056 1456 1101 territorium
1474 1087 1486 1108 ‚
1503 1056 1547 1101 in
1566 1055 1866 1120 promontorio
1884 1051 2009 1101 situm

342 1126 506 1172 tertiam
514 1137 680 1190 partem
692 1125 796 1171 mari
806 1122 993 1181 alluitur,
1010 1137 1157 1171 caetera
1175 1136 1341 1171 montes
1359 1121 1562 1170 claudunt
1575 1157 1589 1178 ,
1614 1125 1658 1170 in
1669 1121 1810 1170 littore
1820 1118 1920 1170 οᾶο
1930 1139 2012 1170 nu-

343 1207 477 1241 merat
497 1194 761 1241 munimenta
785 1229 796 1252 ‚
825 1192 978 1239 scilicet
995 1226 1009 1247 ,
1038 1194 1216 1258 Haicang
1232 1229 1244 1251 ,
1268 1193 1454 1259 Punglai,
1473 1194 1616 1256 Kixcm
1628 1231 1642 1253 ‚
1666 1192 1822 1240 Gueihoi
1836 1227 1849 1251 ‚
1869 1191 2012 1254 Siitoye,

345 1259 571 1328 Chingxan,
590 1262 761 1326 Chiaeggai,
784 1262 964 1327 Ningcin.
1005 1260 1178 1328 Singula
1196 1262 1249 1309 ad
1268 1276 1423 1310 certam
1444 1263 1566 1308 maris
1582 1260 1769 1328 linguam
1788 1259 2011 1314 exstruRa,

343 1331 497 1379 eadem
531 1332 621 1381 fere
646 1329 849 1378 distantia.
900 1334 1063 1378 Lacum
1084 1329 1290 1397 piscosum
1319 1333 1455 1398 Hiaszg
1485 1333 1650 1397 gremio
1669 1329 1745 1378 suo
1765 1329 2009 1393 concludit.-

343 1402 434 1456 Q1i
448 1414 562 1448 tanta
572 1399 844 1449 faecunditate
864 1401 1082 1447 interiores
1101 1417 1222 1466 agros
1247 1401 1412 1468 irrigat,
1428 1414 1478 1448 ut
1487 1399 1599 1447 nulla
1610 1417 1748 1447 rerum
1762 1399 2008 1448 neceffirio-

341 1487 435 1516 rum
455 1471 599 1534 inopia
625 1467 684 1515 sit.
722 1471 893 1530 Septem
905 1468 1192 1536 regiminesuo
1202 1469 2009 1535 moderaturcivitates,Laicheufflingtu,

344 1537 410 1597 W,
431 1539 614 1602 Clmrzgye,
635 1536 763 1599 Kiao,
780 1555 960 1603 quarum
981 1539 1183 1603 primariae
1206 1533 1379 1601 salome,
1399 1541 1527 1587 Cieme.

407 1608 640 1654 Tredecim
666 1608 811 1673 Regio
840 1607 926 1654 haec
954 1608 1185 1655 maximam
1205 1621 1368 1673 partem
1386 1609 1592 1656 maritima
1619 1606 1672 1654 ad
1691 1605 1749 1654 sui
1771 1604 2007 1654 custodiam

348 1691 545 1724 numerat
567 1678 855 1735 munimenta,
880 1678 1091 1742 praecipue
1116 1676 1170 1724 ad
1191 1677 1421 1724 fluviorum
1440 1676 1582 1725 fauces
1606 1676 1741 1724 ere&a
1753 1713 1768 1736 ,
1789 1675 1865 1722 ubi
1885 1677 2007 1723 maris

338 1746 534 1805 1·eceffu5‚
553 1758 624 1792 aut
644 1746 817 1793 navium
828 1745 949 1794 statio
961 1746 1107 1804 datur,
1138 1764 1324 1811 quorum
1343 1748 1453 1795 varia
1475 1746 1770 1811 magnitudine
1786 1763 1834 1792 ac
1854 1744 2020 1810 populi.

337 1817 629 1880 merciumque
647 1813 886 1879 frequentia
896 1816 1057 1881 magnis
1066 1816 1304 1864 civitatibus
1313 1833 1557 1882 comparare
1570 1813 1703 1863 liceat.
1731 1818 1895 1862 Eorum
1917 1815 2005 1862 haec

336 1882 432 1930 sunt
451 1886 626 1930 nomina
643 1919 655 1942 ,
678 1884 898 1950 Nitggcitg‚
920 1885 1090 1950 Cinghai,
1111 1885 1303 1951 Chingxan
1314 1924 1327 1944 ‚
1353 1886 1529 1938 Gueihai,
1549 1886 1731 1943 Sanxmz,
1750 1885 1890 1945 Kixan
1900 1917 1915 1938 ,
1938 1878 1980 1945 ζ
1976 1887 2005 1930 ι’-

341 1964 513 2011 venxan,
535 1957 708 2011 Mnmn,
729 1957 854 2014 Siaoye
871 1989 884 2012 ,
906 1956 970 2000 H
967 1957 1120 2017 aicang,
1146 1955 1306 2019 Punglai
1314 1988 1328 2009 ‚
1350 1956 1413 2001 Cin
1427 1956 1551 2004 &X
1549 1952 1662 1999 achin.

405 2022 546 2084 Hujus
565 2020 823 2084 Metropolis
856 2022 1113 2069 territorium
1130 2021 1459 2087 septentrionem
1479 2019 1614 2068 versus
1634 2022 1678 2067 in
1696 2017 1787 2066 sinu
1810 2021 1909 2084 Cang
1931 2018 2004 2067 sex

336 2087 483 2136 insulas
502 2091 651 2153 Ungui,
675 2091 892 2155 Pingyang,
908 2095 1059 2149 Mam»,
1077 2088 1216 2155 Titng,
1235 2093 1419 2138 Xamuen
1435 2127 1448 2150 ,
1472 2092 1637 2138 Caomiao
1653 2123 1667 2144 ‚
1703 2089 1726 2135 :i
1749 2100 1866 2154 parte
1886 2106 2006 2136 men-

337 2157 500 2205 dionali
518 2158 702 2206 totidem
722 2192 736 2212 ‚
772 2160 923 2212 Sialao,
946 2156 1092 2214 Talao,
1115 2157 1318 2225 Tenheng‚
1335 2159 1445 2221 IQu,
1466 2162 1590 2218 Yam,
1605 2156 1716 2221 Suifh
1738 2192 1750 2216 ,
1785 2158 1842 2204 ad
1865 2160 2004 2206 Occa-

335 2227 426 2274 sum
443 2244 578 2274 unum
600 2227 748 2286 Fevyeu
765 2225 1052 2291 jurisdictione
1071 2227 1390 2293 compleffitur.
1436 2233 1633 2284 Qarum
1663 2227 1880 2293 praecipuae
1907 2225 2004 2275 sunt

338 2297 509 2361 femen,
527 2313 615 2344 non
635 2313 788 2362 magna
805 2295 1007 2361 quidem,
1022 2295 1095 2344 sed
1120 2296 1231 2344 culta
1247 2311 1350 2345 tota.
1385 2297 1572 2363 Tienheng
1593 2313 1732 2362 prope
1753 2297 1914 2354 Caomie,
1931 2295 2004 2342 de-

336 2364 548 2431 plorando
567 2363 743 2412 celebris
767 2364 863 2413 casu
877 2399 891 2420 ‚
911 2382 1002 2432 quo
1022 2368 1245 2433 quingenti
1270 2365 1516 2433 Philosophi
1535 2384 1620 2432 prae
1638 2365 1904 2429 Imperatoris
1923 2368 2005 2412 >sii

336 2434 559 2499 tyrannide
582 2435 828 2500 generosam
846 2433 1050 2500 eligentes
1070 2450 1254 2483 mortem
1274 2435 1315 2483 se
1334 2437 1378 2483 in
1398 2453 1514 2484 mare
1537 2435 1770 2500 praecipites
1791 2431 2002 2482 dederint.

336 2506 453 2551 Nam
465 2506 573 2550 Xius
580 2502 684 2549 odio
695 2504 891 2550 vaticano
902 2505 946 2550 in
957 2502 1090 2550 literas
1101 2503 1334 2553 tenebatur.
1369 2508 1430 2562 Et
1443 2507 1624 2552 Xamuen
1636 2501 1780 2548 incolis
1789 2498 2002 2567 frequenS,

336 2574 531 2620 omnium
542 2572 727 2619 maxima
738 2574 781 2618 in
793 2570 884 2619 sinu
895 2574 1012 2638 Ccmg
1023 2610 1038 2633 ‚
1058 2572 1133 2621 ubi
1145 2573 1483 2621 commodiffima
1496 2573 1667 2620 navium
1682 2570 1804 2618 statio
1818 2606 1830 2629 ‚
1847 2589 1903 2617 ex
1915 2589 2000 2636 qua

335 2644 379 2689 in
402 2644 586 2701 Coream,
608 2639 751 2706 Peking
765 2674 779 2694 ,
799 2644 999 2707 Leaotung
1015 2679 1029 2701 ‚
1052 2641 1181 2690 facilis
1203 2642 1262 2691 est
1279 2642 1472 2708 traje&us
1491 2678 1505 2702 ‚
1525 2641 1711 2688 maxime
1731 2653 2000 2705 opportunus

337 2711 389 2758 ad
408 2728 578 2777 magnas
599 2711 898 2776 expeditiones
916 2708 1042 2757 locus.
1477 2743 1480 2746 -

404 2779 535 2826 Liber
557 2781 718 2826 Sinicus
731 2814 743 2838 ,
763 2780 806 2825 in
819 2796 908 2844 quo
921 2777 1179 2845 singulorum
1197 2780 1389 2828 Iocorum
1411 2780 1565 2828 viritim
1582 2776 1807 2843 adscriptus
1817 2775 1999 2826 habetur

336 2864 530 2895 numerus
540 2883 558 2907 ,ι
570 2850 614 2894 in
638 2848 716 2895 hac
737 2849 957 2896 Provincia
977 2848 1115 2896 censet
1133 2848 1308 2898 familias
1329 2847 1479 2914 septies
1491 2846 2000 2912 centena&septuagi.nta

335 2914 463 2962 millia
475 2915 742 2978 familiarum,
752 2919 1006 2985 quingentas
1016 2918 1246 2984 insuper‚&
1257 2917 1564 2984 quinquaginta
1574 2918 1781 2982 quinque,
1790 2930 1912 2983 7705
1921 2930 1944 2981 ς
1954 2930 1996 2980 5.

334 2984 536 3031 Virorum
547 2984 729 3053 sexagies
738 2986 888 3053 septies
896 2999 1078 3035 centena
1089 2989 1136 3036 8<
1145 2989 1452 3054 quinquaginta
1463 3002 1621 3036 novem
1631 2983 1773 3046 millia,
1781 2985 1997 3034 sexcentos

335 3052 381 3099 8<
393 3050 658 3119 septuaginta
668 3058 858 3121 quinque
870 3057 957 3122 675
968 3058 1105 3121 9675.

1873 3122 1992 3169 Tota
