2050 3412
286 148 351 208 ad
361 151 498 215 M
499 170 672 235 agnum
685 149 939 212 Tartariae
955 157 1175 238 Sinaeque
1194 158 1237 220 C
1234 155 1442 218 hamum.
1586 183 1608 221 1
1625 185 1644 234 ς
1658 189 1679 236 3

52 252 187 318 gentis
216 251 441 311 addidicit,
460 253 505 297 8(
524 251 781 300 Tartaricarn
798 251 1000 300 ferociam
1017 254 1265 302 humaniore
1289 258 1407 305 cultu
1424 259 1686 324 temperavit.

51 320 179 370 Unde
189 319 387 368 omnibus
409 320 553 385 Regiis
573 320 794 369 virtutibus
804 336 949 368 natura
968 325 1177 386 pariter&
1190 338 1275 370 arte
1287 325 1503 375 instruc‘tus
1525 327 1687 393 Scythi-

51 406 149 436 cum
159 388 377 449 Majorum
397 388 566 435 suorum
581 389 764 453 rigorem
786 390 1106 438 mansuetudine
1121 428 1133 450 ,
1152 392 1415 454 affabilitate,
1447 395 1689 455 clementia,
1708 433 1711 437 .

54 459 181 524 patris
204 457 386 504 insistens
402 456 582 522 vestigiis
602 457 810 517 abolevit,
842 459 1116 523 experiundo
1138 459 1290 507 ἀοᾶυε
1320 463 1412 525 plus
1429 465 1544 528 apud
1574 467 1688 513 Sinas

53 527 253 593 ipsosque
271 527 470 573 Tartaros
502 528 620 572 mitia
652 527 968 574 Dominantum
996 530 1197 592 Imperia,
1225 547 1351 593 quam
1366 532 1492 578 cruda
1508 535 1553 580 8(
1574 533 1689 598 aspe-

53 613 98 644 ra
117 634 132 655 ,
166 593 387 660 proficere.
435 598 548 642 Hinc
569 593 647 660 ipsi
676 596 862 644 Sinenses
885 633 898 655 ,
930 613 1115 661 quorum
1134 600 1298 645 minimi
1317 602 1442 646 etiam
1466 618 1622 648 errores
1646 603 1689 649 in
1704 608 1831 656 Sinaeri-

53 663 321 730 Republica,
339 665 384 710 8(
408 663 623 728 improvisi
647 664 884 712 achumana
908 664 1167 715 inevitabiles
1183 667 1429 731 prudentia,
1444 670 1488 715 8(
1513 671 1690 717 circum·
1704 650 1765 691 μὴ
1778 661 1855 681 (Μ’

1704 700 1765 720 rum
1774 690 1855 722 Prae-

54 732 270 798 speffione
289 733 399 780 casus
412 772 425 793 ,
460 746 597 785 morte
616 732 844 781 secundum
861 733 973 800 leges
996 732 1309 800 plefiebantur,
1330 755 1427 784 cum
1452 737 1568 800 apud
1583 740 1689 786 Tar-
1705 730 1858 803 ξζξᾞξω

56 815 167 851 taxos
187 819 274 850 non
290 801 514 869 dignitates
525 800 672 863 modo,
684 804 728 849 8(
743 819 846 869 opes
859 838 871 860 ,
892 820 1037 850 verum
1047 804 1173 850 etiam
1183 804 1441 852 securitatem
1456 804 1530 852 fibi
1543 825 1589 854 ac
1599 825 1691 873 gra-
1708 821 1763 843 ¹⁶²⁵·

55 872 158 920 tiam
187 885 371 936 paratam
404 869 595 916 viderent
610 909 623 929 ,
658 872 709 918 ad
733 889 805 918 eos
827 887 984 935 magno
1007 889 1186 920 numero
1218 873 1475 922 defecerunt.
1526 879 1692 923 Pericu-

56 940 96 988 la
127 940 273 990 medio
298 941 500 1004 temporis
521 939 634 1003 apud
670 943 782 987 Sinas
814 939 916 986 belli
947 942 1152 988 Tartarici
1184 943 1497 992 evanescebant.
1546 950 1697 1002 Qan-

58 1027 188 1075 quam
209 1011 323 1056 enim
343 1009 508 1054 Tartari
538 1008 802 1058 Orientalem
824 1013 1055 1076 Leaotungae
1087 1028 1203 1058 oram
1229 1024 1444 1071 tenerent,
1478 1014 1696 1061 Occiden*

57 1078 149 1128 talis
169 1092 309 1125 tamen
328 1076 563 1124 firmissimis
584 1077 814 1125 Sinensium
838 1076 1031 1141 praesidiis
1042 1079 1334 1140 muniebatur,
1349 1083 1394 1127 8(
1418 1083 1460 1127 in
1486 1082 1615 1130 insula
1635 1080 1697 1145 Cu

59 1146 329 1196 validissimus
360 1158 507 1193 contra
545 1145 799 1210 irruptiones
840 1147 1115 1194 Tartarorum
1144 1150 1358 1197 exercitus
1393 1148 1537 1198 stativa
1569 1150 1699 1198 haben

57 1217 145 1265 bat.

128 1282 209 1331 Sed
229 1283 379 1348 inipsss
401 1284 507 1328 Sinae
526 1281 752 1329 visceribus
767 1321 779 1342 ,
800 1282 1112 1331 latronestanto
1132 1302 1312 1332 numero
1332 1285 1638 1351 grassabantur,
1654 1300 1702 1334 ut

61 1352 318 1401 destruemm
328 1351 380 1397 ab
391 1352 470 1398 illis
482 1352 714 1415 Imperium
727 1354 770 1399 8(
787 1352 974 1400 eversum
987 1354 1030 1398 in
1041 1354 1318 1402 Tartarorum
1339 1355 1593 1419 potestatem
1608 1373 1703 1421 per-

61 1423 237 1470 venerit.
272 1423 346 1468 De
358 1436 541 1484 quorum
552 1419 729 1484 quidem
740 1421 951 1467 latronum
962 1422 1159 1486 Origine,
1170 1421 1703 1489 successu,exitu,quaedam

61 1491 184 1558 supra
199 1489 384 1555 petenda
403 1491 512 1536 sunt.

130 1561 304 1608 Initium
328 1558 647 1605 latrociniorum
665 1575 721 1604 ex
742 1559 953 1606 montanis
967 1560 1142 1607 Suchuen
1158 1598 1172 1619 ,
1207 1559 1282 1606 ubi
1307 1558 1431 1607 ferox
1449 1561 1637 1627 populus
1657 1562 1705 1610 8(
1722 1576 1828 1608 Latro-

61 1629 194 1695 asper,
203 1627 344 1694 spreto
354 1625 678 1693 Magistratuum
690 1628 900 1691 Imperio,
917 1629 959 1674 in
975 1645 1148 1676 omnem
1171 1628 1383 1677 licentiam
1392 1632 1602 1697 prorupit.
1636 1633 1706 1679 Ac
1720 1629 1790 1690 ¹1¹3?
1800 1617 1845 1656 fui

65 1700 212 1765 primis
223 1695 467 1746 successibus
481 1695 761 1754 feroces,cum
775 1696 914 1745 obviae
922 1713 1106 1762 quaeque
1116 1696 1370 1763 depopulati
1379 1699 1708 1765 fuiffent,ipsam‚

62 1781 194 1833 caput
219 1766 477 1826 Provinciae,
504 1767 658 1832 Chingtu
672 1764 876 1812 obsessam
891 1778 1010 1813 tanto
1037 1765 1181 1813 furore
1213 1782 1523 1835 oppugnarunt
1543 1809 1559 1831 ,
1594 1782 1643 1817 ut
1658 1789 1710 1819 ea

65 1837 249 1885 omnino
261 1835 439 1901 potituri
460 1833 652 1892 fuissent,
682 1834 758 1882 nisi
775 1835 912 1881 Sinica
921 1834 990 1882 illa
1007 1842 1183 1898 Amazon
1192 1851 1359 1885 maturo
1368 1835 1554 1892 subsidio
1564 1855 1712 1887 accur-

64 1923 172 1965 rens,
182 1904 357 1952 rebelles
372 1902 641 1951 obsidionem
651 1920 800 1968 magna
815 1902 934 1950 clade
944 1904 1128 1952 deserere
1143 1906 1349 1971 coepiffet,
1360 1909 1434 1971 qui
1445 1905 1497 1954 ad
1507 1921 1709 1956 montana

67 1989 165 2022 tuto
179 1986 369 2038 receptu,
383 1976 537 2020 caeteris
549 1974 608 2019 ibi
624 1972 897 2036 praedonibus
914 1973 954 2019 se
968 1973 1301 2035 conjunxerunt,
1317 1976 1363 2021 8(
1375 1975 1489 2024 alteri
1507 1976 1708 2025 rebellio-

67 2044 111 2092 ni
128 2042 393 2091 occasionem
412 2044 696 2106 praebuerunt.

130 2114 235 2161 Erat
244 2112 288 2158 in
310 2111 493 2176 Qicheu
507 2110 681 2175 quidam
697 2113 921 2157 Procerum
932 2150 947 2171 ,
971 2112 1039 2157 cni
1051 2114 1110 2158 vis
1125 2128 1172 2158 ac
1183 2110 1335 2172 injuria
1350 2111 1372 2157 a
1387 2111 1598 2171 judicibus
1620 2112 1708 2162 illa·
1725 2129 1864 2176 secunda

69 2194 126 2239 ta,
141 2197 279 2244 neque
296 2178 361 2239 jus
376 2178 790 2243 suum,quantumvis
800 2180 947 2226 acriter
962 2179 1129 2227 instaret
1140 2219 1153 2239 ‚
1169 2181 1370 2244 consequi
1386 2196 1568 2244 poterat.
1603 2186 1710 2230 Prac—
1728 2171 1865 2202 ‘dmum'

69 2249 219 2307 dones,
230 2265 413 2312 quorum
424 2263 499 2313 per
509 2261 711 2295 montana
724 2246 919 2311 frequens
934 2246 993 2294 ibi
1013 2265 1191 2313 quoque
1206 2266 1401 2295 numerus
1416 2263 1503 2296 erat
1514 2251 1709 2308 ,Ducem

70 2334 170 2367 eum
188 2316 264 2366 fibi
285 2316 556 2381 delegerunt,
583 2313 810 2362 vindi&am
827 2318 1145 2379 promittentes,
1177 2327 1316 2383 neque
1335 2316 1405 2364 ille
1423 2318 1638 2368 iracundia
1660 2322 1708 2368 8(

63 2385 181 2435 odio
199 2388 485 2445 inimicorum,
498 2385 646 2432 abnuit
659 2405 671 2442 3
693 2384 748 2430 ita
758 2401 863 2431 mox
878 2382 1039 2444 judices
1056 2385 1150 2432 illos
1160 2422 1171 2444 ,
1184 2385 1348 2447 injustae
1362 2398 1529 2434 autores
1544 2388 1710 2437 senten-

70 2456 140 2504 tiae
151 2493 166 2515 ‚
185 2455 471 2513 trucidarunt,
508 2452 688 2516 &ipsius
709 2452 877 2519 Tutangi
893 2452 1244 2520 copiasfugarunt
1258 2492 1270 2514 ,
1301 2457 1375 2520 qui
1396 2470 1536 2504 tamen
1555 2457 1706 2516 majori

70 2526 263 2572 exercitu
282 2522 464 2572 collefto
479 2521 700 2587 praedones
718 2523 869 2569 iterum
886 2524 1068 2582 caecidit,
1081 2523 1182 2570 acin
1194 2526 1404 2572 montium
1425 2536 1515 2571 tuta
1532 2525 1705 2573 latibula

74 2592 244 2657 repulit.
289 2589 560 2651 Accedebat,
586 2609 641 2637 ex
661 2590 912 2638 locustarum
923 2594 1066 2639 omnia
1089 2591 1402 2657 depascentium
1434 2593 1712 2641 multitudine

75 2678 153 2727 per
173 2660 334 2727 septem
351 2660 541 2721 boreales
563 2661 670 2707 Sinae
685 2660 924 2706 Provincias
945 2661 1090 2727 ingens
1105 2660 1260 2721 fames,
1295 2679 1480 2727 cumque
1504 2664 1713 2729 Zungchi⁴

75 2734 159 2779 azius
174 2731 362 2795 ingenita
382 2730 550 2777 avaritia
564 2728 672 2775 nihil·
685 2728 739 2774 de
763 2727 928 2775 tributis
946 2731 1200 2788 remitteret,
1232 2729 1420 2795 populus
1439 2747 1493 2778 ex
1518 2729 1708 2797 despera-

77 2800 197 2846 tione
214 2797 269 2846 ad
279 2815 391 2846 arma
407 2799 615 2867 Imprimis
634 2813 709 2862 per
719 2806 781 2848 X
783 2799 863 2858 ensi
878 2799 924 2844 8(
935 2806 998 2848 X
999 2813 1138 2863 antung
1149 2834 1161 2856 ,
1183 2811 1297 2845 tanta
1314 2796 1589 2846 multitudine
1609 2817 1711 2864 pro-

78 2865 197 2925 siliit,
227 2880 275 2913 ut
293 2870 336 2915 in
351 2864 451 2914 ofi‘to
466 2865 591 2915 castra
605 2865 745 2924 divisi,
774 2865 850 2911 sub
872 2865 1052 2913 totidem
1070 2864 1266 2913 Ducibus
1289 2866 1538 2925 militarent,
1570 2867 1712 2916 sever&

75 2934 319 2998 disciplina,
330 2952 572 3002 quanquam
583 2933 659 2999 ipsi
683 2934 806 2982 rudes
823 2935 867 2980 8(
879 2933 1084 2994 scelerati,
1098 2937 1270 2984 minima
1284 2937 1410 2983 etiam
1422 2949 1596 3001 peccata
1606 2976 1619 2997 ,
1631 2955 1714 3002 pu-

79 3005 256 3053 nientes.
315 3003 456 3052 Praeda
481 3004 632 3054 divites
653 3005 697 3050 &
722 3003 903 3051 successu
922 3002 1083 3061 inflati,
1114 3002 1199 3064 jam
1233 3002 1368 3069 ipsum
1386 3004 1621 3069 Imperium
1638 3023 1714 3070 pa-

70 3072 182 3132 lam,
195 3070 335 3136 spreto
350 3074 604 3138 szgchinio,
618 3071 865 3121 affestabant
876 3107 888 3131 ‚
903 3088 1170 3137 unoquoque
1182 3073 1359 3122 Ducum
1367 3072 1408 3122 se
1418 3072 1718 3139 digniffimurm

1042 3157 1068 3187 v
1642 3156 1721 3203 qur
