2114 3412
380 1494 522 1541 Prima
543 1490 692 1540 Martii
712 1486 806 1554 post
835 1486 1022 1536 mediam
1043 1486 1215 1549 norffem
1228 1512 1229 1515 ¹
1242 1490 1405 1538 ancoris
1424 1487 1594 1540 sublatis
1612 1493 1826 1544 Orientali
1848 1508 1982 1545 vento

310 1563 458 1621 flante,
472 1560 549 1608 sub
561 1564 774 1610 Auroram
786 1555 991 1624 insignem
1002 1575 1162 1625 pagum
1183 1560 1222 1606 L
1234 1561 1278 1606 A
1289 1561 1337 1607 N
1346 1560 1391 1606 T
1402 1562 1447 1607 A
1460 1563 1516 1609 M
1548 1563 1876 1630 Notapeliotem
1891 1582 1983 1614 ves.

311 1631 375 1679 sus
397 1631 701 1697 promontorio
725 1624 904 1676 adsitum
921 1626 1230 1693 conspeximus,
1281 1627 1480 1678 AEdificia
1501 1630 1593 1696 ejus
1616 1631 1698 1681 alta
1721 1636 1768 1683 8<
1787 1633 1980 1684 sublimia

238 1719 240 1721 ·
311 1699 461 1767 procul
481 1718 537 1748 ex
557 1701 658 1748 mari
671 1696 1010 1762 adspecstantibus
1021 1696 1063 1745 se
1072 1696 1278 1759 offerunt,
1296 1712 1346 1746 ut
1364 1701 1613 1767 eximagine
1625 1701 1716 1765 ejus
1724 1717 1910 1771 apparet.

380 1772 496 1818 Tam
519 1768 710 1817 celeriter
731 1785 778 1814 ea
799 1766 870 1814 die
888 1765 1234 1832 provehebamur
1244 1800 1259 1822 ,
1278 1780 1328 1816 ut
1345 1766 1446 1816 Sole
1463 1770 1612 1818 occaso
1621 1772 1981 1822 Orientalesinsu-

311 1837 369 1886 las
388 1838 657 1899 Makaonenses
677 1838 701 1885 a
721 1849 844 1902 tergo
853 1834 1198 1902 relinqueremus.
1237 1837 1324 1885 Sed
1342 1840 1458 1885 navis
1477 1839 1748 1889 [Bloemendalia
1769 1843 1882 1892 adeo
1891 1857 1980 1892 erat

312 1907 565 1973 tardigrada,
574 1920 624 1954 ut
635 1905 760 1972 plane
776 1923 870 1953 eam
881 1923 936 1953 ex
946 1905 1078 1953 oculis
1086 1907 1193 1953 circa
1203 1905 1419 1971 vesperam
1431 1911 1726 1958 amitteremus.

384 1980 551 2033 Qarta
567 1977 713 2023 Martii
734 1987 902 2022 montes
921 1973 1112 2022 Boreales
1131 1974 1276 2022 Insulae
1298 1980 1427 2038 Aynan
1446 1976 1628 2025 vidimus
1646 1981 1720 2043 qui
1732 1981 1894 2030 circiter
1905 1979 1978 2031 sex

314 2043 559 2092 milliaribus
569 2044 622 2091 ad
634 2041 945 2108 Barralybicum
957 2042 1081 2090 diffiti
1091 2043 1114 2089 ὰ
1128 2042 1251 2090 nobis
1263 2042 1476 2107 jacebant,
1512 2045 1663 2094 Bolide
1672 2048 1779 2111 jafta
1791 2049 1977 2099 fundum

314 2130 542 2181 orgyarum
560 2113 838 2179 quadraginta
858 2111 959 2160 οξῒο
978 2110 1346 2176 deprehendimus,
1382 2116 1549 2162 Ventus
1558 2115 1690 2166 flabat
1700 2136 1755 2166 ex
1764 2119 1981 2169 Orientali

312 2187 359 2233 N
362 2181 612 2248 otapeliote,
621 2179 757 2229 cursus
767 2181 821 2229 ad
833 2179 1027 2228 Australe
1038 2180 1368 2245 Notolybicum.

382 2254 570 2310 Qoties
579 2251 632 2299 ad
644 2250 757 2298 littus
776 2256 906 2314 Aynan
925 2248 950 2314 (
960 2249 1004 2297 id
1015 2250 1138 2315 quod
1149 2252 1275 2298 etiam
1286 2251 1339 2299 ad
1350 2250 1428 2299 alia
1436 2250 1577 2302 littora
1586 2254 1720 2303 Indici
1733 2259 1852 2304 maris
1863 2257 1978 2306 obti⁴
1994 2240 2010 2251 κ’

313 2320 420 2386 net)
438 2320 704 2386 tempestates
720 2322 945 2368 imminent
964 2355 977 2378 ,
1011 2333 1149 2368 nautae
1170 2320 1254 2367 hoc
1272 2335 1392 2369 certo
1411 2319 1531 2388 signo
1548 2325 1603 2371 ita
1626 2323 1976 2390 deprehendunt.

314 2391 646 2455 Qamprimum
670 2391 761 2449 aer,
779 2390 853 2455 qui
873 2388 1037 2454 semper
1051 2387 1181 2437 clarus
1200 2391 1247 2438 &
1267 2389 1431 2438 serenus
1449 2391 1509 2439 est
1529 2429 1542 2452 ‚
1575 2393 1792 2441 minimam
1814 2395 1976 2445 nubem

312 2457 510 2517 ostentat,
521 2457 683 2523 semper
695 2457 918 2523 tempestas
927 2456 1114 2522 sequitur
1132 2477 1142 2504 z
1178 2460 1235 2507 ita
1245 2473 1294 2508 ut
1304 2473 1432 2508 nauta
1444 2475 1606 2509 mature
1615 2460 1709 2510 vela
1713 2464 1978 2527 contrahere,

315 2531 361 2577 8<
370 2525 561 2595 periculo
577 2525 810 2575 subducere
821 2526 960 2594 poffit.
999 2530 1050 2575 In
1061 2525 1180 2589 cujus
1190 2530 1440 2578 memoriam
1451 2528 1557 2578 olim
1568 2530 1655 2578 haec
1663 2533 1817 2581 cecinit
1827 2535 1977 2594 Musa73

574 2667 640 2710 AE
639 2662 713 2708 olus
731 2675 817 2709 ante
836 2674 932 2728 vago
953 2662 1178 2729 commtfieat
1195 2665 1330 2713 aethera
1348 2680 1471 2730 ponto,

643 2733 728 2799 Q
746 2734 891 2794 penitus
911 2733 1046 2780 multas
1062 2734 1209 2797 quaſjat
1228 2734 1280 2780 ad
1291 2739 1364 2782 ima
1383 2750 1491 2783 rates.

573 2799 727 2861 Semper
748 2802 784 2846 in
808 2802 908 2847 Hoc
927 2802 1070 2848 Ainan
1083 2802 1205 2868 fingit
1217 2808 1422 2866 praenuncia
1441 2803 1569 2859 nubes,

641 2870 736 2934 Qae
755 2872 865 2915 tacite
879 2882 1011 2919 nautas
1031 2872 1114 2919 vela
1127 2872 1324 2935 premenda
1343 2886 1474 2920 monet.

378 2993 562 3044 Decima
596 3000 764 3050 Oaava
797 3000 850 3050 ad
869 3000 1044 3051 insulam
1066 3002 1174 3052 Pulo
1196 3003 1338 3068 Tymon
1357 3006 1648 3072 pervenimus,
1665 3021 1716 3054 ac
1737 3003 1857 3072 signo
1873 3005 1976 3059 dato

309 3060 477 3129 scaphas
493 3066 547 3114 ad
566 3084 643 3116 nos
660 3073 903 3121 vocavimus
916 3106 929 3133 ,
948 3086 997 3121 ut
1006 3071 1355 3142 intelligeremuS‚
1374 3092 1429 3125 an
1446 3093 1574 3126 naves
1591 3074 1740 3142 aliquae
1760 3074 1820 3190 ibfi
1835 3092 1973 3190 {isuper

1813 3159 1852 3191 ui
1887 3158 1969 3193 ent.
