2114 3412
1486 26 1508 48 Ι

329 91 416 152 -czd
427 94 575 159 M
570 114 745 178 agnum
762 89 1022 153 Tartariae
1042 97 1263 180 Sinaeque
1282 94 1542 173 Chamum.
1709 122 1770 170 95

102 197 295 247 ulnarum
317 216 417 247 cum
437 199 635 259 dimidia,
655 200 804 254 craffi,
822 201 1059 266 quadrante
1071 199 1190 251 ulnae.
1228 202 1381 250 Multae
1403 204 1458 251 de
1470 203 1702 266 ejussonitu
1717 209 1778 253 Si-

99 269 248 316 nenses
260 268 491 333 ja&arunt‚
513 267 629 334 quasi
651 268 790 316 similis
810 287 1018 337 campana
1037 270 1244 336 nusquam
1267 275 1538 337 reperiretur.
1578 275 1662 322 Sed
1686 275 1774 337 ejus

96 335 221 387 sonus
232 338 291 385 est
302 357 447 386 raucus
462 375 474 397 ,
496 357 544 386 ac
554 338 727 386 obtusus
736 376 748 399 ,
766 341 813 388 8<
826 339 962 404 ipsum
974 339 1190 387 metallum
1202 344 1420 406 Europaeis
1430 347 1645 410 campanis
1657 346 1772 393 haud

96 407 406 456 conferendum
419 408 490 456 est.
526 412 584 457 Et
601 427 845 475 quanquam
869 411 1037 457 Tartari
1060 411 1145 457 hoc
1156 409 1308 458 ultimo
1319 411 1435 458 bello
1454 415 1527 461 vix
1539 417 1770 479 quicquam
1789 422 1791 426 ’

96 477 192 525 urbi
210 479 460 536 nocuerint,
477 492 618 526 totum
641 492 783 526 tamen
806 477 1011 526 Palatium
1024 517 1038 539 ‚
1064 481 1132 526 cui
1152 478 1282 528 simile
1295 480 1367 528 Sol
1388 481 1581 547 nuspiam
1595 483 1769 549 aspexit,

93 545 287 595 funditus
298 556 564 608 everterunt,
584 549 690 595 odio
701 583 714 603 ,
730 563 779 596 ut
790 549 1086 614 videtur,erga
1094 547 1329 616 Taimiqgam
1343 549 1546 599 familiam
1559 587 1571 607 ,
1597 555 1618 599 a
1632 570 1716 615 qua
1728 554 1769 601 le

94 616 233 683 pulsos
254 619 362 664 Sina:
386 619 681 665 meminerant.
726 621 776 665 In
797 620 1049 665 memoriam
1062 632 1149 666 tam
1170 618 1400 685 splendidae
1410 623 1584 689 Regum
1599 621 1700 669 aulae
1713 623 1768 669 ab

54 740 57 743 μ
93 685 258 751 aliquot
275 689 369 733 aevis
386 688 409 734 a
432 689 624 734 Sinarum
646 685 974 752 imperatoribus
990 686 1196 736 derelitstae
1217 729 1231 749 ,
1271 693 1318 738 8<
1346 693 1575 738 maximam
1600 707 1765 755 partem

91 755 297 822 collapsae,
303 757 396 821 jam
408 759 432 804 a
444 759 628 805 Tartaris
638 755 829 804 funditus
839 756 987 804 eversae
998 759 1055 805 ita
1066 761 1297 823 Enyonem
1311 759 1539 830 alloquitur
1551 760 1694 809 Musa:

358 858 419 902 Sic
437 856 530 902 nihil
545 858 721 903 intafium
733 892 744 915 ‚
756 869 915 919 praeceps
936 854 1109 914 ssellona,
1125 856 1321 922 relinquis?

434 929 545 973 (Dum
553 924 677 987 furis,
694 943 736 972 ac
756 924 843 971 atri
860 925 1008 989 turgida
1026 926 1092 972 bile
1111 929 1217 990 mges.
1312 982 1314 984 Ι

367 993 502 1041 Altera
524 992 644 1058 Troja
656 996 778 1060 jacet,
793 998 898 1056 putri
908 993 976 1057 fitb
991 997 1142 1057 pulvere
1156 994 1304 1063 finnus,

436 1066 500 1112 H
498 1068 530 1111 ic
548 1064 642 1110 aulae
647 1063 760 1127 saxis
780 1064 906 1110 diruta
915 1065 1017 1126 fizxa
1039 1064 1155 1112 vides.
1385 1041 1401 1064 t
1422 1086 1440 1100 f

156 1173 346 1220 Munera
365 1170 641 1220 nihilominus
661 1173 892 1238 quotannis
911 1172 1052 1219 adhuc
1074 1174 1265 1238 ingentia
1289 1192 1374 1238 prae
1398 1173 1567 1240 reliquis
1590 1174 1766 1224 urbibus

90 1241 304 1308 Nangkirgg
317 1242 370 1291 ad
380 1245 685 1307 Imperatorem
707 1243 911 1308 Pekingam
933 1242 1087 1302 mittit,
1107 1241 1274 1309 fingulis
1285 1242 1415 1295 tribus
1425 1243 1636 1291 mensibus
1645 1248 1766 1310 quin—

88 1329 175 1378 que
187 1330 328 1366 Πᾶνες,
340 1331 439 1376 quas
451 1312 701 1377 nggychuen
711 1311 777 1366 ‚id
789 1312 863 1366 est,
874 1329 1000 1359 naves
1009 1329 1108 1359 cum
1122 1314 1377 1359 Draconum
1390 1312 1584 1373 vestibus,
1597 1328 1764 1362 vocant.

86 1383 261 1429 Sericeis
271 1382 454 1429 vestibus
467 1396 649 1430 oneratae
660 1383 913 1447 Imperatori
935 1381 1056 1427 dono
1074 1384 1311 1430 mittuntur.
1348 1386 1586 1449 Nunquam
1599 1383 1767 1450 elegan-

88 1453 216 1499 tiores
239 1454 284 1500 8<
296 1452 685 1519 magnificentiores
697 1469 823 1498 naves
840 1464 938 1498 toto
952 1450 1058 1498 orbe
1071 1451 1172 1498 vidi.
1208 1453 1495 1514 Qircuincirca
1510 1471 1611 1501 auro
1623 1454 1766 1502 obdu-

88 1520 164 1569 &ae
174 1523 218 1569 8<
229 1521 446 1569 cinnabari
457 1520 664 1587 variisque
676 1519 931 1588 imaginibus
942 1520 1155 1586 pi&uratae
1165 1518 1275 1580 sunt,
1283 1535 1332 1569 ut
1341 1521 1453 1568 oculi
1465 1540 1614 1569 eorum
1627 1523 1686 1570 ful
1690 1530 1767 1591 g'ow

87 1608 132 1638 re
143 1592 372 1639 caecutiant.
407 1594 524 1639 Intus
536 1589 755 1638 conclavia
777 1588 1103 1638 artificiofiffima
1115 1624 1129 1645 ,
1149 1593 1195 1639 8<
1215 1590 1563 1657 sumptuosissima
1587 1610 1596 1636 ε
1617 1596 1764 1641 onmia

87 1660 277 1727 denique
287 1661 342 1709 ad
361 1679 570 1727 pompam
588 1674 709 1708 tanto
732 1663 993 1726 Imperatore
1014 1659 1154 1725 digna.
1197 1663 1396 1709 Praeterea
1417 1648 1593 1727 piscitim
1616 1682 1764 1729 genus,

87 1731 210 1796 quod
225 1733 268 1778 in
277 1731 414 1778 fluvio
423 1732 557 1797 Kiang
567 1765 580 1786 ,
604 1731 753 1799 Juni0‚
763 1733 809 1779 8<
820 1728 937 1799 Julio
949 1729 1160 1778 menfibus
1167 1733 1332 1795 capitur
1340 1768 1352 1789 ,
1370 1733 1547 1783 nomine
1556 1736 1640 1793 Siyas
1651 1732 1764 1797 (Lu-

87 1798 533 1864 fitaniSavelvocant)
554 1801 608 1848 ad
631 1805 939 1865 Imperatorem
960 1801 1150 1847 mittitur.
1195 1804 1362 1848 Eorum
1383 1816 1565 1865 captura:
1587 1803 1764 1867 quidam

86 1871 402 1918 Eunuchorum
414 1869 556 1936 praeest
572 1907 585 1930 ,
605 1871 680 1935 qui
689 1884 837 1935 captos
849 1888 954 1918 mox
964 1869 1042 1917 sub
1052 1869 1187 1937 glacie
1200 1908 1214 1929 ,
1234 1872 1279 1917 in
1294 1889 1393 1917 eum
1405 1869 1538 1918 finem
1550 1873 1764 1928 asservata,

85 1938 251 2005 sepelit,
265 1942 311 1988 8<
320 1941 530 2006 expeditis
539 1939 717 1987 navibus
728 1940 933 2007 Pekingam
942 1954 1059 1988 tanta
1069 1939 1280 1987 celeritate
1291 1942 1421 1988 mittit
1432 1979 1445 2000 ,
1458 1955 1506 1988 ut
1517 1959 1764 2007 quanquam

85 2010 167 2056 iter
183 2010 467 2058 ducentorum
488 2008 731 2057 milliarium
751 2011 1111 2058 Germanicorum
1135 2047 1148 2068 ‚
1169 2011 1278 2057 intra
1298 2009 1398 2057 οᾶἰο
1418 2010 1485 2057 vel
1504 2011 1654 2059 decem
1675 2013 1764 2059 dies

90 2097 147 2126 eo
166 2079 422 2128 deferantur.
457 2083 575 2128 Nam
600 2080 663 2128 hae
686 2098 813 2127 naves
835 2080 923 2128 dies
942 2078 1173 2144 no&esque
1193 2079 1248 2127 ab
1266 2079 1484 2144 helcyariis
1502 2081 1648 2146 passim
1670 2096 1761 2129 tota

90 2149 157 2195 via
169 2151 213 2196 in
225 2169 326 2197 eum
339 2151 472 2198 finem
488 2152 620 2216 parati
634 2187 646 2209 ,
662 2148 948 2198 indesinenter
959 2149 1277 2216 protrahuntur.
1312 2154 1372 2196 Ita
1384 2149 1551 2217 fingulis
1568 2150 1761 2216 septima-

91 2219 154 2265 nis
166 2255 179 2277 ,
193 2220 399 2284 quamdiu
409 2234 584 2285 captura
592 2218 717 2267 durat
728 2253 742 2274 ‚
760 2219 853 2266 duae
864 2237 989 2267 naves
1001 2219 1062 2266 his
1071 2218 1251 2284 piscibus
1261 2234 1443 2266 oneratae
1455 2222 1656 2284 Pekingqm
1668 2223 1762 2267 mit·

92 2300 250 2336 tuntur.
701 2346 703 2352 s
1173 2346 1176 2350 ι

162 2363 313 2423 Atque
324 2359 477 2406 haecde
490 2358 656 2425 ingenti
668 2356 773 2404 urbe
792 2357 1004 2423 Nangking
1016 2393 1028 2415 ‚
1049 2355 1168 2417 cujus
1186 2355 1334 2405 incolae
1355 2356 1523 2421 reliquis
1539 2374 1688 2404 omnes
1702 2359 1760 2404 Si-

92 2427 237 2475 nenses
249 2431 528 2488 humanitate,
538 2427 791 2487 sinceritate,
804 2429 1001 2493 ingeniO,
1016 2427 1214 2484 artificiis,
1227 2445 1397 2474 morum
1410 2425 1615 2492 elegantia
1629 2464 1640 2485 ,
1664 2445 1762 2492 erga

95 2509 262 2545 exteros
275 2497 556 2546 familiaritate
579 2496 787 2562 superant.
820 2495 962 2544 Nobis
980 2510 1093 2543 certe
1112 2499 1155 2543 in
1168 2499 1426 2562 Magnatum
1449 2496 1604 2543 aedibus
1615 2498 1762 2543 omnia

94 2561 335 2622 liberaliter,
344 2586 437 2633 quae
446 2566 694 2632 petebamus
704 2604 716 2626 ,
727 2566 951 2613 monstrata
963 2565 1146 2630 fuerunt.
1182 2569 1291 2614 Sunt
1300 2568 1429 2614 etiam
1442 2566 1677 2631 praedivites
1686 2603 1698 2625 ,
1715 2568 1761 2614 8<

97 2632 328 2701 sumptuosi
340 2637 475 2685 vestiti
487 2674 499 2697 ,
517 2654 659 2702 neque
670 2653 781 2696 eam,
789 2653 916 2701 quam
927 2634 1027 2682 alibi
1038 2635 1161 2683 urbes
1171 2672 1183 2695 ,
1194 2639 1474 2684 Tartarorum
1485 2635 1678 2682 saevitiam
1689 2655 1763 2701 pa-

98 2705 273 2753 tiuntur.
305 2708 349 2753 N
353 2725 410 2754 on
423 2708 574 2772 ignari,
583 2707 703 2772 quod
714 2706 884 2753 ditiores
897 2704 1038 2753 durius
1045 2706 1199 2772 jugum
1210 2704 1369 2753 facilius
1380 2707 1609 2752 excutiant.
1784 2756 1786 2758 ‚

168 2776 353 2839 Legatus
368 2777 410 2823 de
418 2774 559 2842 Keyftr
571 2777 782 2840 Palankyno
793 2775 972 2842 gestatus
983 2813 997 2835 ,
1007 2775 1131 2823 nobis
1142 2774 1320 2841 equestri
1332 2774 1633 2821 comitantibus
1643 2792 1764 2840 pom-
1797 2789 1934 2842 -Lc'gatps

98 2859 155 2907 pa
163 2876 176 2897 ,
197 2844 347 2892 urbem
357 2845 600 2911 speetatum,
611 2845 867 2912 praeterveffi
880 2859 1050 2911 portam
1062 2848 1245 2910 antiquae
1256 2843 1358 2891 aulae
1370 2847 1669 2908 Imperatori-x,
1679 2863 1765 2891 ma-
1783 2828 1934 2905 ἕξνξξζζζζ]

99 2924 268 2960 tronam
280 2915 652 2983 quadragenariam
664 2953 676 2975 ,
685 2915 918 2984 virginibus
932 2912 1007 2962 suis
1017 2914 1210 2981 stipatam
1223 2951 1235 2974 ³
1256 2916 1431 2961 natione
1440 2915 1660 2961 Tartaram
1673 2949 1684 2973 ‚
1702 2916 1764 2962 vi-
1783 2913 1934 2945 ¹²¹sts<²¹³d0

1783 2965 1948 2987 matronam

99 2980 260 3038 dimus,
278 3001 372 3048 quae
393 3002 468 3049 per
484 2988 738 3051 Interpretes
752 3004 830 3033 nos
849 2986 1056 3033 invitavit.
1086 2987 1272 3052 Legatus
1291 3002 1347 3031 ex
1367 2985 1577 3046 ‘Palankyno
1597 2984 1765 3032 descen-
1784 2999 1913 3071 {ma-‘¹3‘

1821 3050 1883 3070 mvr
1898 3052 1919 3070 1-

99 3049 224 3111 dens,
245 3051 501 3120 compellata
525 3053 616 3111 illa,
634 3055 838 3104 curiosam
854 3054 1094 3123 gladiorum
1118 3053 1366 3103 nostratium
1385 3053 1673 3119 speetatriccm
1694 3053 1765 3099 de·
1782 3087 1832 3111 m,

1587 3123 1767 3189 prehen-
