2114 3412
306 140 374 186 82
674 119 816 177 Pars
833 111 1003 173 ultima
1024 111 1309 197 Legatiomls
1331 114 1593 172 Batavicae

314 1555 353 1602 la
373 1552 600 1622 spongiosa
627 1556 672 1602 8<
684 1570 887 1612 concava,
901 1571 1002 1602 caro
1018 1553 1237 1612 albiffima,
1247 1549 1499 1601 nostratium
1515 1568 1773 1619 cynarorum
1791 1546 1976 1620 pulpam

314 1625 512 1682 referem,
528 1622 665 1673 aestate
680 1626 742 1672 ob
761 1624 849 1671 vim
864 1623 1138 1691 refrigerandi
1156 1623 1394 1672 aestimatur.

382 1697 429 1742 ln
447 1695 621 1744 Suchuen
635 1694 750 1761 apud
768 1696 911 1761 Liping
926 1733 938 1755 ,
954 1711 1051 1741 vera
1065 1694 1190 1742 radix
1206 1696 1303 1742 Sina
1318 1693 1484 1753 crescit,
1495 1691 1564 1741 sed
1586 1711 1662 1760 per
1678 1703 1818 1742 totam
1837 1691 1974 1740 sinam

315 1765 453 1830 spuria
475 1793 487 1824 ,-
515 1776 742 1831 utramque
764 1766 873 1812 Folia
892 1778 1062 1812 vocant.
1097 1766 1204 1812 Non
1219 1762 1300 1810 alia
1309 1762 1412 1825 fere,
1427 1781 1556 1829 quarn
1570 1763 1722 1829 spuria,
1736 1761 1789 1811 ad
1799 1779 1878 1809 nos
1897 1758 1976 1806 de-

316 1835 447 1882 fertur
464 1871 477 1893 ,
509 1833 805 1901 magnitudine
824 1835 869 1880 8<
889 1835 1048 1881 viribus
1064 1833 1194 1900 longe
1209 1831 1385 1881 inferior
1402 1833 1568 1883 sincerfi.
1611 1835 1721 1880 Vera
1743 1832 1786 1880 in
1801 1830 1977 1879 vetustis

316 1905 470 1968 pinetis
489 1941 500 1961 ,
545 1905 667 1951 instar
698 1908 893 1952 Patatum
912 1902 1043 1952 Indiae
1066 1902 1142 1949 snb
1167 1915 1274 1951 terra
1302 1903 1447 1950 crescit
1483 1921 1492 1947 ε
1531 1902 1644 1949 unde
1674 1900 1861 1949 Sinenses
1878 1900 1975 1950 scri.-

319 1974 429 2018 bunt
448 1990 545 2019 eam
565 1991 620 2019 cx
646 1975 742 2037 pice
758 1975 961 2036 pinorum
986 1972 1205 2037 pronasci,
1223 1988 1318 2034 quae
1336 1972 1359 2016 e
1379 1970 1493 2019 foliis
1514 1973 1555 2017 in
1568 1985 1718 2018 terram
1738 1969 1950 2021 exstillans
1963 2005 1978 2029 ‚

317 2041 501 2088 radicem
521 2043 607 2106 agit
628 2078 640 2100 ,
674 2040 848 2087 herbam
868 2039 1149 2107 germinando
1162 2080 1175 2100 7
1210 2057 1306 2104 quae
1327 2054 1373 2087 ut
1393 2058 1468 2105 per
1489 2038 1625 2087 solum
1645 2040 1775 2106 longe
1805 2038 1976 2105 lateque

317 2113 472 2176 scapit,
505 2111 562 2157 ita
580 2110 760 2158 nodosas
781 2109 937 2158 radices
957 2109 1100 2157 subtus
1128 2122 1280 2155 terram
1305 2108 1522 2176 dispergit.
1581 2112 1684 2156 Haec
1717 2108 1880 2156 nodosa
1911 2126 1976 2156 ra-

316 2181 392 2227 dix
413 2217 424 2239 ‚
459 2179 679 2227 interdum
698 2193 828 2243 capnt
862 2180 1026 2244 puerile
1044 2176 1342 2244 magnitudine
1372 2192 1536 2244 aequat,
1572 2178 1696 2225 instar
1712 2181 1977 2226 nucumCo-

316 2269 412 2309 cos,
446 2248 514 2296 sed
539 2267 628 2297 non
653 2262 768 2296 tanta
784 2247 1130 2297 duritiecorticis.
1182 2247 1270 2294 Sub
1304 2251 1463 2295 cortice
1485 2265 1583 2296 caro
1614 2248 1682 2296 vel
1717 2247 1893 2295 nucleus
1915 2246 1975 2296 al-

316 2319 395 2366 bus
419 2317 615 2384 praestans
641 2318 881 2378 medicina3
924 2334 1170 2384 quanquam
1184 2317 1487 2383 etiamspuria‚
1510 2316 1577 2363 sed
1600 2332 1688 2365 non
1712 2316 1868 2363 eodem
1883 2317 1975 2364 suc-

316 2389 451 2448 ceffu,
485 2401 670 2436 utantur.
716 2391 818 2435 Haec
840 2387 960 2434 radix
974 2389 1071 2435 Sina
1084 2387 1303 2454 Europaeis
1332 2387 1507 2434 demum
1537 2389 1645 2433 circa
1662 2391 1839 2434 Annum
1877 2385 1974 2433 mil-

320 2458 513 2505 lefimum
539 2456 927 2524 quingentesimum
944 2461 1146 2524 quintum
1166 2459 1357 2504 innotuit
1375 2496 1388 2516 ,
1424 2455 1663 2503 Sinensibus
1683 2461 1803 2504 Goam
1818 2453 1974 2502 delata.

320 2531 424 2575 Non
445 2528 488 2574 in
520 2529 616 2575 Sina
632 2541 796 2574 tantum
814 2564 825 2584 ,
849 2543 998 2575 verum
1015 2528 1144 2574 etiam
1162 2525 1408 2591 [ochinchina
1423 2526 1567 2573 crescit
1583 2564 1596 2584 ‚
1632 2523 1684 2570 ad
1700 2523 1816 2570 littus
1837 2523 1976 2572 Mala-

320 2597 510 2644 baricum
545 2597 721 2643 &variis
741 2596 984 2645 Indiaelocis
1005 2619 1016 2654 3
1053 2597 1181 2643 etiam
1213 2598 1257 2642 in
1277 2598 1492 2654 America,
1525 2594 1595 2640 sed
1620 2593 1781 2657 spuria,
1803 2593 1974 2640 crescit.

319 2667 504 2732 Optima
515 2666 706 2713 censetur
719 2665 896 2731 insipida
909 2703 919 2725 ‚
934 2666 1103 2731 pinguis
1115 2702 1127 2724 2
1136 2665 1378 2731 ponderosa
1392 2700 1404 2722 ,
1437 2660 1614 2722 solida,c'1
1625 2659 1837 2710 vermibus
1851 2662 1975 2711 illaefa

319 2738 365 2783 8<
387 2735 473 2782 sine
491 2735 717 2801 putredine
737 2736 910 2800 integra.

387 2806 506 2852 Vires
525 2804 702 2871 insignes
722 2819 869 2852 contra
889 2802 1098 2853 Morbum
1124 2803 1361 2862 Gallicum,
1379 2801 1616 2867 Podagram
1628 2839 1641 2860 ‚
1676 2799 1939 2849 arthritidem
1959 2842 1974 2864 ‚

318 2873 584 2922 debilitatem
604 2874 807 2921 stomachi
826 2913 837 2934 ‚
871 2873 1040 2921 dolores
1063 2875 1210 2937 capitis
1231 2911 1244 2933 ,
1275 2871 1487 2920 calculum
1506 2872 1550 2918 8<
1575 2870 1678 2917 alios
1704 2868 1878 2917 morbos
1902 2871 1974 2917 fri-

321 2944 443 3007 gidos
473 2943 611 2993 habet.
662 2946 803 2992 Garcia
822 2942 936 2991 teste.
972 2945 1113 3007 Acosi‘a
1133 2940 1272 2989 scribit
1289 2944 1339 2988 effi
1363 2954 1542 2997 utentes,
1556 2942 1675 2987 omni
1691 2940 1814 2997 cibo,
1845 2938 1973 3005 pisci-

319 3010 397 3059 bus
413 3013 458 3057 8(
482 3012 677 3059 carnibus
700 3013 834 3060 libere
853 3011 961 3061 vesci
980 3011 1111 3077 posse.
1148 3013 1255 3059 Sinae
1279 3011 1325 3058 &
1357 3009 1454 3058 Indi
1482 3011 1540 3055 ita
1573 3012 1623 3056 eit
1647 3022 1834 3057 utuntur.
1882 3008 1974 3055 Un-

321 3082 402 3128 cias
436 3080 563 3139 dum,
598 3081 841 3145 petroselini
869 3081 1142 3130 semiunciam
1160 3080 1310 3128 decem
1343 3078 1546 3126 mensuris
1577 3095 1696 3142 aquae
1721 3077 1773 3126 ad
1808 3077 1975 3125 tertiam

1145 3157 1148 3160 “
1810 3158 1972 3208 partem
