2114 3412
341 162 439 218 176
665 194 669 196 .
709 142 849 201 Pars
866 151 1038 220 quarta
1058 129 1338 219 Legationis
1359 131 1623 193 Patavicae

273 1449 288 1461 Σὲ
296 1464 298 1466 ,
326 1452 384 1465 ’τᾶς

143 1517 313 1590 ἑξξῇῑῇζ
331 1518 378 1565 N
391 1521 435 1565 A
448 1518 501 1564 M
514 1518 612 1566 HU
625 1517 670 1564 N
684 1516 730 1563 G
745 1518 851 1565 AM
873 1529 1084 1567 venerunt
1100 1554 1113 1577 ‚
1137 1516 1182 1565 in
1204 1534 1365 1585 magno
1387 1518 1433 1566 8<
1457 1515 1614 1565 celebri
1636 1513 1890 1571 diversorio,
1911 1517 2011 1564 Pro·

74 1622 75 1625 η
145 1581 297 1634 nonnis„
331 1588 440 1653 regis
461 1588 714 1650 Kantonenfis
732 1587 851 1653 quod
873 1589 917 1635 in
939 1585 1110 1654 singulis
1133 1586 1345 1641 menfibus
1368 1588 1621 1652 Imperatori
1642 1587 1795 1652 viginti
1817 1586 2010 1653 quinque

145 1643 311 1685 appeuum'
331 1658 457 1704 :reden
471 1658 654 1722 Argenti
669 1656 1122 1721 pendet,hospitantc3.
1161 1659 1296 1704 Priori
1319 1658 1470 1705 itinere
1491 1674 1626 1704 unum
1637 1654 1761 1718 hujus
1776 1654 1888 1702 urbis
1905 1654 2013 1704 latus

327 1726 583 1791 descriptum
605 1724 783 1774 exhibui
806 1745 815 1772 :
841 1743 956 1774 nunc
976 1723 1155 1774 alterum
1177 1745 1355 1793 quoque
1366 1724 1652 1794 pulcherrimo
1667 1725 1942 1790 aspe&u,hac
1952 1739 2011 1773 ta-

324 1795 425 1843 bula
436 1794 673 1842 exhibmur.

399 1866 539 1911 Novis
561 1863 745 1911 instruffi
764 1863 940 1912 navibus
959 1864 1159 1932 vigesima
1178 1866 1315 1931 prima
1324 1863 2009 1933 Januariinaufiagaspraeterveffi

330 1932 548 1981 cataraetas
558 1932 768 1980 mirabiles
779 1952 902 1999 rupes
920 1935 1077 1998 Suitjeen
1090 1971 1102 1993 ‚
1124 1938 1408 1993 &montana‚
1430 1934 1584 1998 quibus
1593 1931 1699 1979 olim
1721 1950 1881 1979 nomen
1906 1936 2008 1997 quin-

331 2022 398 2068 que
409 2005 566 2063 capitum
578 2005 618 2047 E
619 2006 803 2066 quinorum
823 2000 1176 2067 imposueramus‚
1195 2002 1344 2066 procul
1356 2002 1663 2066 conspeximus.

403 2068 618 2137 Vigefima
630 2083 777 2136 quarta
796 2069 981 2118 secundo
995 2070 1116 2118 cursu
1134 2070 1283 2119 urbem
1303 2072 1464 2119 Saocheu
1482 2086 1758 2136 perventum,
1776 2068 1852 2116 ubi
1861 2070 2010 2118 denuo

335 2141 392 2188 de
419 2139 534 2186 malis
555 2139 647 2186 vela
669 2141 974 2204 expandimus,
996 2140 1116 2204 quod
1137 2140 1282 2189 brevia
1305 2141 1349 2188 &
1371 2139 1564 2206 scopulos
1574 2137 1730 2188 emensi
1741 2152 1913 2205 patente
1920 2139 2010 2204 jam

336 2209 487 2264 fluvio,
503 2207 604 2256 aestu
616 2210 744 2256 etiam
762 2209 895 2273 adjuti
908 2244 922 2264 ‚
944 2210 1287 2274 proveheremus.

402 2276 614 2344 Vigesima
628 2280 774 2343 quinta
784 2280 971 2346 Januarii
982 2277 1307 2326 celeberrimum
1321 2276 1388 2326 illa
1400 2296 1470 2326 ora
1485 2278 1704 2347 Pagodam
1723 2277 2010 2343 Kon-janaesjam

335 2347 591 2414 prxterveffti
607 2384 618 2406 ,
639 2346 766 2394 altera
791 2348 1042 2396 diemontes
1062 2346 1324 2396 admirabiles
1337 2349 1601 2415 Sangwonlmb
1613 2347 1922 2412 conspeximus.
1952 2351 2010 2395 Et

337 2419 438 2482 quia
451 2435 571 2481 aquae
582 2417 621 2463 vi
627 2418 733 2482 giuti
746 2417 875 2482 pedes
883 2418 972 2481 jam
982 2418 1255 2482 depressiores
1266 2433 1385 2465 erant
1399 2440 1410 2476 5
1424 2436 1552 2483 quam
1563 2435 1661 2465 cum
1674 2419 1814 2481 primo
1824 2415 2011 2464 transire-

336 2504 430 2533 mus
440 2523 452 2545 ,
474 2486 571 2532 hinc
582 2488 803 2533 cacumina
815 2488 1028 2534 montium
1041 2485 1171 2555 longe
1184 2486 1263 2533 suis
1273 2488 1379 2534 intra
1392 2487 1534 2534 nubila
1548 2486 1776 2534 reconditis
1787 2485 2011 2533 verticibus

336 2553 604 2603 horribiliora
615 2554 895 2619 apparebant.
934 2557 1054 2602 Tum
1068 2556 1243 2604 demum
1254 2555 1438 2621 pericula
1452 2574 1566 2620 ,quae
1580 2558 1625 2603 &
1644 2557 1705 2602 itu
1718 2557 1764 2602 8<
1783 2555 1923 2602 reditu
1933 2572 2010 2620 per

338 2643 464 2689 rupes
484 2623 570 2671 illas
587 2624 721 2670 modo
741 2623 817 2671 sub
838 2624 961 2671 undis
981 2622 1180 2684 latentes,
1204 2626 1339 2672 modo
1349 2625 1468 2690 super
1478 2624 1563 2672 illas
1573 2623 1752 2672 elevatas
1763 2623 2012 2671 exhausera-

338 2712 432 2740 mus
453 2711 500 2740 ac
518 2706 725 2758 quantum
738 2693 862 2740 nobis
877 2693 1039 2748 adhue,
1057 2708 1141 2741 tam
1165 2693 1314 2741 humili
1329 2713 1459 2759 aqua,
1474 2695 1582 2740 inter
1603 2693 1840 2758 asperrimas
1857 2706 2012 2752 cautes,

340 2762 645 2809 exantlandum
659 2761 758 2809 esset
772 2761 1053 2810 molestiarum
1065 2781 1113 2809 ac
1122 2763 1406 2811 discriminum
1416 2796 1429 2816 ,
1447 2780 1545 2809 cum
1565 2761 1733 2827 stupore
1745 2760 2013 2827 contempla-
2112 2812 2114 2814 ,

341 2831 514 2888 bamur,
531 2844 647 2878 tanta
668 2831 788 2879 fluvii
808 2833 1132 2897 praecipitantia,
1154 2846 1202 2880 ut
1221 2831 1307 2898 ipsa
1326 2831 1512 2880 celeritas
1537 2830 1627 2894 ejus
1646 2830 2013 2897 horripilationem
2061 2878 2063 2882 Α

343 2899 468 2945 nobis
486 2898 737 2947 conciliaret.

414 2968 579 3014 Eadem
601 2968 740 3016 adhuc
763 2970 833 3017 die
856 2969 940 3017 sera
959 2970 1131 3036 vespera
1153 2969 1387 3035 Oppidum
1409 2970 1595 3030 Sanyuum
1616 2969 2013 3036 attigimus&apud

345 3033 452 3081 illud
473 3036 820 3100 pernoc'cavimus.
862 3041 1000 3087 Prima
1031 3039 1125 3087 luce
1144 3037 1321 3104 profecti
1343 3072 1357 3093 ,
1386 3038 1539 3085 eadem
1561 3038 1632 3085 die
1654 3038 1839 3104 Xantfiu'
1855 3071 1870 3092 ‚
1895 3038 2015 3101 cujus

345 3106 542 3169 campi&
552 3103 673 3170 plana
688 3110 876 3157 tentoriis
887 3125 935 3157 ac
945 3110 1064 3174 equis
1073 3105 1358 3173 militibusque
1369 3109 1533 3174 ingenti
1545 3125 1726 3157 numero
1736 3109 1778 3155 in
1792 3107 2015 3173 procinctu

1137 3191 1145 3200 ⁶
1961 3174 2015 3223 ad
