2114 3412
295 138 326 175 2
338 133 364 177 8
647 111 788 172 Pars
807 108 974 168 ultima
996 109 1281 192 Legationes
1302 110 1565 168 Patavicae

294 215 407 265 haud
431 230 646 278 quaquam
673 211 851 260 moleste
883 210 978 258 fert.
1028 211 1247 258 Donatori
1282 228 1357 275 per
1384 208 1579 257 libellum
1601 208 1777 261 similem
1809 211 1959 278 gratiae

296 298 493 352 aguntur,
509 297 581 328 aut
593 283 707 328 dona
717 280 898 328 civiliter
908 281 1181 328 remittuntur
1193 318 1205 339 ,
1217 295 1290 327 aut
1300 296 1394 344 quac
1405 294 1577 345 accepta
1589 279 1683 326 sunt
1692 317 1704 339 ‚
1714 282 1758 327 8<
1769 280 1958 346 recipro-

297 373 357 413 αι,
368 365 638 399 annotantur.
674 353 814 398 Etia'm
829 351 1022 416 pecuniis
1034 349 1072 397 se
1089 364 1244 396 mutuo
1257 389 1270 410 ,
1284 348 1405 414 quod
1417 348 1532 416 apud
1547 352 1778 413 Europaeos
1790 348 1958 398 inusita-

300 438 402 479 tem,
415 434 750 468 remunerantur.

153 512 246 546 vesse
370 489 604 538 Peculiarcs
621 491 663 536 in
675 487 886 538 visitando
902 487 1031 536 vestes
1044 501 1196 554 gerunt
1208 528 1222 548 ,
1242 506 1382 553 neque
1400 486 1620 534 ordinario
1639 485 1789 534 habitu
1807 486 1848 535 se
1864 505 1979 536 mu-‘

133 565 266 625 ἓῇξζζὲξ
302 575 381 608 tuo
393 561 584 608 salutant.
619 564 765 618 Qrare
782 557 944 624 semper
955 558 1228 605 honorariam
1240 557 1397 604 vestem
1409 558 1452 603 in
1467 555 1690 621 publicum
1708 555 1964 620 prodeunti-

134 636 277 667 1'21U1³¹¹r·
302 630 381 678 bus
395 630 500 678 servi
514 629 665 694 praesto
682 629 863 686 habent,
891 644 1019 693 quam
1039 627 1127 673 aliis
1139 626 1477 685 obviiinduunt‚
1509 625 1642 691 idque
1661 625 1789 673 etiam
1800 626 1962 674 Iesuitae

303 702 533 750 imitantur.
575 699 714 757 Qlod
734 698 763 746 si
781 714 886 744 unus
904 712 1052 763 togam
1072 696 1186 742 suam
1202 713 1292 742 non
1312 696 1465 742 habeat
1484 694 1537 740 ad
1557 711 1729 753 manUS,
1751 708 1842 742 tum
1858 696 1964 744 alter

304 787 482 836 quoque
493 783 641 835 togam
660 768 928 815 honorariam
939 783 994 812 ex
1002 766 1207 830 uit‚atque
1224 768 1280 812 ita
1290 764 1329 812 se
1340 779 1494 811 mutuo
1506 764 1667 831 vulgari
1685 763 1836 812 vestitu
1855 765 1965 814 salu-

305 853 410 887 tant.

141 919 292 969 ijsse-
378 909 494 955 Varii
512 906 612 955 inde
623 908 725 953 ritus
744 907 785 954 in
807 903 1094 965 considendo,
1129 907 1174 953 8<
1189 903 1295 952 sellis
1314 902 1586 951 collocandis.
1621 903 1713 961 Qi
1735 903 1965 970 Trigautio

139 962 296 1034 ῗὲὲᾙῇἓι
312 977 416 1026 teste
431 978 544 1025 tales,
593 978 633 1022 Si
652 975 792 1041 plures
809 975 988 1034 fuerint,
1006 978 1080 1040 qui
1102 976 1223 1023 domi
1252 972 1495 1032 visitantur,
1525 974 1634 1020 inter
1651 990 1725 1019 eos
1743 972 1966 1038 primarius

139 1055 214 1075 sum·
314 1048 491 1112 hospitis
503 1044 643 1092 sedem
658 1081 668 1103 ,
682 1061 755 1093 aut
765 1044 878 1092 sedes
890 1044 1068 1111 fingulas
1082 1061 1263 1110 utraque
1278 1060 1405 1090 manu
1417 1044 1593 1109 accipit,
1615 1043 1660 1088 δέ
1680 1042 1756 1089 suo
1767 1042 1869 1091 loco
1885 1042 1966 1090 sta-

315 1119 396 1165 tuit
408 1119 450 1163 in
462 1115 787 1163 honarotissimo
797 1114 899 1162 aulae
912 1114 1008 1173 situ,
1022 1115 1120 1162 inde
1131 1114 1315 1180 propriis
1327 1112 1519 1159 manibus
1530 1130 1596 1159 eas
1607 1112 1790 1171 excutit,
1800 1111 1967 1160 tametfi

312 1186 451 1234 nullus
472 1185 578 1233 sitin
598 1202 653 1230 eo
672 1183 945 1250 puluisculuS.
982 1182 1067 1230 Etfi
1088 1183 1201 1231 sedes
1220 1183 1361 1243 jamin
1378 1181 1454 1229 suo
1467 1181 1544 1229 sint
1563 1181 1714 1228 ordine
1724 1180 1968 1241 collocatae,

310 1254 490 1322 fingulas
500 1269 639 1302 tamen
651 1252 855 1300 ambabus
874 1251 1067 1301 manibus
1083 1254 1336 1317 contingere
1349 1288 1361 1309 ,
1394 1253 1440 1299 &
1459 1251 1577 1298 velut
1598 1253 1735 1316 aptius
1753 1250 1968 1299 collocare

310 1344 404 1373 mos
423 1323 495 1372 est.
540 1321 587 1370 ld
609 1321 766 1371 deinde
782 1321 959 1388 singuli,
990 1323 1065 1386 qui
1081 1323 1298 1369 visitantur
1313 1356 1325 1378 ,
1358 1323 1486 1368 ctiam
1500 1319 1695 1385 praestant
1715 1321 1757 1366 in
1779 1320 1967 1370 eundem

311 1396 438 1462 plane
456 1393 646 1440 modum.
685 1393 804 1438 Tum
815 1392 925 1438 inter
940 1391 1126 1456 hospites
1144 1390 1175 1437 fi
1193 1390 1333 1455 plures
1350 1389 1509 1437 fuerint
1526 1427 1540 1448 ‚
1572 1389 1828 1437 honoratior
1853 1388 1969 1450 ejus,

311 1482 442 1530 quem
460 1461 618 1520 visitat,
642 1459 784 1507 sedem
793 1460 950 1508 eodem
960 1460 1098 1507 modo
1113 1460 1269 1524 accipit
1281 1498 1294 1518 ‚
1319 1460 1364 1505 &
1384 1477 1440 1507 ex
1455 1458 1630 1507 adverso
1640 1458 1745 1506 sedis
1763 1458 1843 1506 suae
1853 1457 1969 1508 illam

312 1532 486 1592 locat,&
503 1531 660 1578 eodem
669 1529 806 1577 modo
822 1529 1044 1595 pulverem
1055 1544 1127 1577 aut
1137 1529 1304 1577 excutit
1313 1542 1406 1588 ,aut
1414 1542 1614 1576 excutere
1623 1528 1664 1576 se
1675 1527 1814 1596 fingit.
1848 1527 1974 1577 Idem

311 1603 469 1652 deinde
483 1601 620 1650 caeteri
633 1598 810 1659 faciunt,
820 1597 852 1646 fi
865 1599 1006 1665 plures
1017 1600 1175 1648 fuerint
1186 1599 1315 1648 aetatis
1334 1598 1486 1646 ordine
1495 1597 1564 1646 vel
1574 1598 1793 1666 dignitate.
1830 1597 1971 1657 Qlod

313 1673 419 1721 dum
431 1671 483 1720 fit
492 1709 505 1732 ,
520 1674 568 1732 is,
578 1672 646 1719 cui
658 1670 743 1717 hoc
752 1669 945 1718 officium
960 1668 1205 1728 exhibetur,
1213 1668 1265 1716 ad
1276 1668 1382 1716 latus
1392 1667 1547 1729 adstat,
1556 1667 1753 1716 manibus
1762 1668 1871 1715 intra
1880 1683 1973 1717 ma-

313 1745 423 1791 nicas
435 1742 614 1808 receptis
627 1779 638 1801 ‚
651 1739 859 1788 &leviter
870 1739 1042 1787 elevatis
1054 1757 1124 1800 ‚ac
1137 1738 1353 1805 depresIiS‚
1371 1739 1520 1805 gratias
1536 1739 1645 1805 agit,
1668 1734 1972 1787 &exhibitum

314 1814 529 1860 honorem
544 1809 738 1858 modeste
752 1808 924 1857 recusat.

151 1897 286 1944 υῴαῃῑ-
386 1881 586 1946 Hospites
602 1877 710 1927 inter
722 1879 761 1926 se
771 1877 956 1926 multum
976 1879 1180 1944 temporis
1191 1893 1334 1926 terunt
1352 1878 1461 1924 circa
1488 1876 1736 1936 Poedriam,
1765 1875 1835 1924 seu
1853 1876 1974 1941 prin-v

150 1947 304 2009 ξῗξξζᾟέῗ
319 1951 461 2014 cipcm
472 1950 647 1996 honoris
667 1948 834 2006 sedem,·
869 1947 940 1995 sed
961 1950 1023 1995 his
1035 1946 1384 2012 tandemlegibus
1403 1946 1555 2005 statur,
1574 1948 1766 1993 intereos
1777 1947 1877 2010 ‚qui
1892 1944 1972 1993 fibi

152 2020 276 2051 miam-
322 2034 476 2066 mutuo
486 2019 596 2064 cives
609 2016 843 2075 sunt,aetatis
858 2018 965 2063 ratio
977 2016 1156 2064 habetur
1171 2036 1179 2061 :
1196 2019 1239 2062 in
1250 2029 1429 2080 utraque
1439 2013 1532 2061 aula
1541 2015 1722 2080 dignitas
1735 2016 1884 2080 potior
1892 2014 1968 2063 est:

320 2090 486 2136 externi
521 2089 708 2134 maxime
719 2124 731 2145 ,
764 2089 838 2151 qui
865 2085 1005 2133 elocis
1035 2084 1335 2132 remotioribus
1353 2084 1586 2131 adveniunt
1614 2086 1802 2148 primum
1826 2083 1974 2133 locum

322 2156 496 2217 te'nent3
516 2155 631 2203 unde
642 2155 691 2202 fit
700 2192 713 2214 ,
733 2171 781 2202 ut
799 2159 841 2202 in
854 2157 972 2202 omni
990 2157 1076 2203 fere
1087 2154 1308 2220 congressu
1320 2152 1469 2200 nostris
1481 2153 1563 2201 hoc
1579 2154 1708 2201 titulo
1719 2153 1972 2219 affiguetur3

321 2245 401 2274 nec
412 2225 669 2291 tergiversari
681 2261 693 2281 ,
726 2240 797 2273 aut
822 2224 1014 2273 modeste
1033 2223 1220 2272 recusare
1238 2222 1475 2288 quidquam
1486 2238 1634 2270 contra
1645 2237 1858 2288 receptam
1869 2240 1976 2271 con-

319 2297 588 2344 suetudinem
607 2293 731 2341 nobis
743 2294 930 2360 prodest.
966 2294 1194 2359 Postquam
1204 2291 1343 2340 cundi
1354 2290 1582 2340 consedere
1592 2329 1605 2352 ,
1619 2310 1726 2340 mox
1735 2290 1977 2340 domesticis

322 2366 489 2414 famulis
509 2382 617 2412 unus
629 2400 642 2422 ,
654 2367 779 2429 isque
796 2365 975 2430 politior
992 2403 1005 2423 ‚
1041 2366 1087 2411 &
1106 2362 1222 2410 talari
1239 2361 1410 2409 indutus
1421 2359 1974 2428 p1·odit,manibuselegan·

158 2466 250 2497 ΒΜ
323 2449 411 2482 tem
423 2435 585 2500 gestans
596 2433 797 2493 tabulam,
808 2437 849 2481 in
860 2451 944 2500 qua
958 2448 1024 2481 tot
1034 2431 1332 2491 luntscutellae‚
1347 2445 1458 2497 quot
1467 2431 1667 2497 hospites.
1700 2431 1746 2476 In
1762 2431 1809 2477 iis
1820 2428 1976 2478 scutel-

158 2506 303 2577 ¹352?ssss
326 2504 374 2552 lis
391 2504 448 2552 cst
465 2504 537 2552 illa
550 2506 678 2569 potio
692 2506 781 2550 Scia
794 2542 806 2562 ,
828 2503 882 2551 dc
905 2520 990 2568 qua
1006 2503 1127 2567 supra
1144 2538 1157 2560 ,
1187 2502 1258 2548 cui
1287 2500 1450 2567 semper
1464 2499 1641 2565 aliquod
1657 2497 1894 2547 mensarum
1913 2497 1975 2548 se-

158 2557 302 2627 rien-silio-
327 2574 562 2623 cundarum
576 2613 588 2633 ‚
608 2572 965 2620 autbellariorum
977 2571 1200 2620 frustulum
1211 2569 1490 2630 immiscetur,
1524 2569 1592 2616 cui
1603 2567 1812 2616 sumendo
1826 2585 1976 2636 argen-

161 2638 231 2658 ἴω
328 2659 446 2692 teum
457 2643 654 2691 cochlear
667 2644 878 2707 exiguum
889 2640 1137 2707 adjungitur
1149 2664 1161 2700 3
1180 2639 1366 2688 famulus
1378 2638 1432 2686 ab
1451 2638 1719 2688 honaratiore
1731 2638 1902 2686 initium
1912 2636 1980 2686 su-

328 2731 446 2761 mens
462 2714 576 2761 suam
588 2715 745 2777 cuique
757 2710 971 2760 scutellam
985 2712 1169 2777 porrigit
1187 2710 1239 2758 ad
1251 2709 1400 2756 herum
1411 2707 1542 2775 usque
1553 2746 1569 2767 ,
1579 2724 1710 2770 quem
1717 2706 1870 2773 reliqui
1882 2705 1976 2755 vifi-

328 2782 468 2842 fitant‚
481 2800 580 2831 nam
589 2783 620 2829 is
636 2784 799 2846 semper
812 2785 855 2830 in
866 2780 1020 2829 infimo
1031 2779 1132 2828 loco
1149 2778 1279 2837 sedet,
1289 2777 1320 2825 ss
1329 2778 1488 2826 diutius
1496 2776 1766 2824 consederint
1775 2813 1786 2834 ,
1794 2776 1978 2825 famulus

329 2855 374 2899 in
383 2852 569 2900 eundem
578 2851 761 2900 modum
778 2853 988 2900 iterumac
1001 2851 1129 2898 tertio
1148 2867 1195 2898 ac
1205 2847 1350 2914 sbspius
1364 2847 1493 2895 etiarn
1501 2845 1621 2894 redit.
1660 2844 1743 2892 Sed
1762 2845 1870 2894 illud
1885 2844 1992 2894 bel«

331 2920 530 2968 lariorum
556 2921 783 2970 frustulum
809 2922 933 2970 toties
951 2921 1134 2967 variatur
1147 2959 1161 2978 ‚
1196 2919 1364 2983 quoties
1390 2916 1563 2963 reditur.

162 2986 255 3017 Ritus
265 2984 317 3016 ‘¹¹³‘
403 2991 501 3037 Hos
495 2993 599 3055 pites
619 2990 745 3039 finito
756 2990 982 3056 congresso
993 3003 1219 3054 antequam
1229 3003 1285 3034 ex
1297 2983 1390 3033 aula
1399 2984 1684 3051 egrediantur,
1704 2985 1825 3047 juxta
1833 2982 1978 3042 limen,

163 3027 298 3058 euntium

159 3066 263 3149 griffi-
335 3072 382 3107 ut
393 3059 537 3119 initio,
552 3062 634 3106 ritu
650 3059 726 3108 suo
741 3059 1037 3109 inclinationes
1052 3068 1278 3123 repetunt,
1290 3068 1384 3104 tum
1393 3073 1466 3104 cos
1476 3054 1599 3103 herus
1616 3053 1814 3120 adusque
1824 3050 1979 3167 dlomus

257 3128 267 3143 ο
1865 3121 1979 3169 imen
