2150 3370
403 153 472 215 Διί
481 158 802 243 Magnum
819 153 1081 218 Tartariae
1099 161 1322 244 Sinaeque
1340 157 1601 240 [hamum.
1769 189 1825 239 53

1194 317 1204 322 -
1236 294 1361 331 2}
1388 280 1562 330 {³³

122 1548 215 1582 non
226 1547 381 1597 magna
392 1563 405 1584 ‚
426 1528 496 1577 sed
513 1528 617 1577 olim
626 1531 738 1578 adeo
747 1529 900 1578 referta
916 1529 1076 1591 incolis5
1086 1543 1415 1598 mercatur-aeque
1426 1530 1648 1583 abundans
1659 1572 1671 1595 ,
1682 1538 1800 1585 unde

122 1619 220 1648 cum
231 1598 462 1664 majoribus
473 1601 600 1647 etiam
608 1599 847 1648 civitatibus
857 1616 1045 1649 certaret.
1082 1600 1281 1650 Difficilis
1293 1605 1383 1649 tota
1395 1603 1465 1650 die
1477 1604 1543 1651 via
1564 1606 1675 1652 adeo
1693 1608 1801 1653 Tar-

120 1685 245 1728 taros,
256 1668 460 1735 Sinasque
471 1672 661 1738 remigeS,
674 1668 989 1736 helcyariosque
999 1670 1294 1719 debilitaverat
1303 1707 1315 1730 ,
1329 1686 1378 1719 ut
1397 1673 1637 1722 reficiendis
1648 1694 1800 1724 eorum

120 1739 279 1790 viribus
315 1737 582 1787 intervallum
612 1739 788 1806 aliquod
813 1739 968 1787 laboris
1004 1739 1318 1808 indulgendum
1350 1742 1586 1791 humanitas
1605 1744 1794 1793 suaserit.

119 1812 247 1857 Dum
259 1807 443 1856 militum
453 1808 606 1857 vexilla
617 1812 752 1874 ripam
763 1809 950 1857 fluminis
965 1808 1355 1876 obsederant,quod
1367 1811 1522 1860 honori
1535 1817 1800 1881 Legatorum

121 1878 314 1927 dabatur.
344 1877 526 1926 Oblatas
538 1881 665 1926 etiam
677 1877 949 1945 lautiaS,quas
961 1882 1130 1947 Legati,
1141 1898 1239 1928 cum
1252 1879 1550 1930 intellexissent
1561 1884 1648 1931 haec
1660 1888 1799 1951 impe-

117 1951 264 1997 ratoris
284 1946 448 1995 calculo
470 1946 620 2010 adjici,
638 1966 823 2014 quorum
844 1950 1202 2014 compensationis
1220 1968 1318 1997 cum
1331 1952 1481 2017 grandi
1500 1952 1670 2001 foenore
1681 1968 1800 2002 tene--

118 2032 263 2065 rentur
284 2050 298 2072 ,
318 2016 510 2065 modeste
534 2017 808 2078 excusarunt,
828 2018 961 2084 idque
980 2033 1070 2067 tota
1085 2018 1247 2086 reliqua
1257 2022 1325 2068 via
1336 2018 1615 2072 observatum.
1655 2026 1797 2072 Prima

118 2090 211 2135 vice
233 2088 331 2134 navi
353 2088 398 2133 in
417 2089 602 2134 tentoria
627 2088 681 2134 ad
703 2090 838 2153 ripam
860 2088 948 2137 fixa
966 2090 1115 2156 egreffi
1128 2088 1270 2157 legati,
1287 2093 1487 2138 Tartaros
1500 2091 1747 2140 militaribus
1757 2093 1797 2140 se

119 2170 363 2204 exercentes
371 2156 540 2217 attilam,
551 2157 790 2223 pugnisque
800 2160 1055 2226 imaginariis
1069 2161 1261 2224 jucunde
1271 2159 1298 2206 s
1288 2160 1518 2225 pefiarunt.

188 2229 340 2290 thue
351 2228 545 2290 peritiam
566 2226 681 2274 suam
693 2228 869 2292 quidam
882 2227 1110 2277 ostentaret
1121 2231 1322 2278 Tartarus
1335 2235 1478 2295 Eques
1490 2268 1501 2290 ,
1517 2231 1653 2297 spatio
1665 2232 1734 2279 sex
1746 2234 1792 2280 <Sc
1830 2241 1948 2289 Tartari

120 2297 432 2362 quinquaginta
452 2295 646 2360 passuum
663 2310 726 2343 ter
744 2315 821 2362 per
838 2300 1045 2364 exiguum
1067 2335 1079 2357 ,
1114 2298 1243 2363 palmi
1261 2301 1559 2367 magnitudine
1572 2337 1584 2360 ‚
1603 2300 1793 2366 scopum,
1807 2283 1965 2364 ξὲᾒῖξξῑᾶ

118 2363 557 2430 nunquamaberrans,
567 2363 712 2432 sagitta
732 2366 909 2430 trajecit.
934 2368 1154 2429 Scythicus
1172 2367 1437 2435 issagittandi
1459 2388 1550 2416 mos
1564 2369 1747 2418 multum
1770 2373 1794 2419 a
1808 2365 1934 2398 mandi·

118 2434 257 2482 nostra
274 2431 578 2482 consuetudine
589 2434 847 2500 discrepans,
868 2454 957 2483 non
982 2449 1031 2482 ut
1056 2453 1132 2483 nos
1151 2435 1329 2485 solemus
1341 2475 1352 2497 ‚
1368 2438 1497 2485 oculo
1515 2441 1569 2487 ad
1581 2457 1792 2488 arcusme-

120 2504 235 2551 diam
257 2517 524 2552 curvaturam
539 2504 648 2553 ledia
666 2504 856 2564 intenso,
875 2505 1111 2572 sagittaque
1125 2508 1169 2554 in
1190 2506 1366 2573 scopum
1387 2508 1564 2568 dircen,
1588 2508 1659 2556 sed
1678 2512 1792 2577 vagis

121 2574 165 2618 in
177 2573 379 2620 circulum
390 2574 591 2629 motibus,
605 2592 712 2640 quos
721 2576 779 2621 ita
789 2589 1046 2640 temperare,
1065 2590 1113 2623 ut
1124 2575 1315 2642 nuspiam
1328 2578 1544 2632 aberrent,
1565 2594 1794 2637 noverunt,

123 2645 349 2707 peragitur.
391 2646 547 2711 Longe
570 2643 627 2690 illi
648 2645 799 2691 certius
817 2644 1020 2692 destinata
1039 2646 1197 2693 feriunt
1208 2650 1332 2694 tantis
1343 2647 1563 2706 erroribus,
1573 2665 1700 2713 quam
1714 2667 1790 2695 nos

66 2743 67 2747 =
125 2727 225 2757 arcu
246 2713 289 2759 in
310 2713 470 2761 recium
491 2716 714 2761 intentare.
750 2715 886 2780 idque
898 2713 974 2761 illis
985 2714 1273 2776 dextrorsum,
1292 2715 1507 2764 laevorsum
1520 2735 1791 2782 acqucprom-

126 2794 250 2843 ptum
269 2798 316 2827 ac
334 2780 467 2830 facile.

195 2850 278 2894 Hic
289 2850 311 2895 a
322 2851 444 2898 nobis
456 2854 676 2912 Kantonam
689 2851 868 2911 recessit,
887 2850 1112 2916 postquam
1124 2853 1354 2918 magnifico
1369 2854 1482 2918 prius
1492 2856 1693 2901 convivio
1707 2859 1788 2903 Le·
1806 2856 1947 2886 Secreta-¹

124 2933 244 2983 gatos
269 2935 494 2984 exceperat
519 2923 708 2988 Proregis
732 2923 1004 2979 secretarius,
1024 2922 1156 2969 fausta
1169 2921 1451 2988 prosperaque
1472 2922 1637 2989 reliquo
1651 2926 1788 2972 itineri
1804 2899 1971 2994 ffssssjssgsso„

125 3001 385 3053 apprecatuS.
419 2989 525 3037 Inde
535 2990 706 3038 adverso
724 2991 902 3038 flumine
921 2990 1035 3037 lente
1046 3025 1058 3048 ‚
1073 3008 1120 3037 ac
1131 2990 1268 3038 multo
1279 2990 1424 3038 labore
1438 2994 1625 3057 provcffl
1642 2995 1790 3041 diffici-
1803 2979 1950 3056 ’ςξῇζξξῐδζ

121 3055 272 3104 liorem
291 3055 421 3124 longe
438 3061 757 3126 navigationem
778 3058 838 3106 ob
858 3059 964 3107 alvei
987 3059 1213 3126 angustiaS,
1232 3060 1552 3128 multorumque
1572 3082 1626 3110 ex
1648 3066 1791 3110 vicinis
1805 3065 1962 3136 {0⁸33ss-

121 3125 340 3174 montibus
349 3129 536 3176 rivorum
546 3130 796 3179 confluxum
807 3167 822 3191 ,
845 3129 961 3178 unde
972 3132 1090 3196 aquis
1100 3131 1306 3179 incitatius
1320 3131 1620 3187 refluentibus,
1641 3151 1792 3196 majori
1805 3148 1918 3228 {2⁷³3ssss

1046 3201 1091 3245 G
1129 3217 1151 3264 3
1658 3202 1793 3248 homi-
