2114 3412
306 133 376 185 78
657 112 798 170 Pars
816 103 982 165 ultima
1003 102 1287 188 Legationis
1307 102 1569 162 Patavicae

309 213 460 263 incolae
481 211 601 259 liberi
619 211 665 257 &
684 207 744 256 ob
763 220 953 255 naturam
969 207 1184 253 montium
1204 205 1310 251 Sinis
1331 200 1688 268 inexpugnabiles
1704 201 1811 251 sunt.
1844 203 1905 251 Ita
1913 204 1960 253 in

311 283 531 332 montibus
549 274 1140 352 Qeichett‚Cha›{rgrzo,l<iangfi
1155 313 1170 336 ,
1201 274 1396 326 Folzien&
1419 276 1652 341 Qangtung
1671 271 1749 319 feri
1764 270 1959 320 homines

315 353 420 399 Sinis
435 349 632 399 ha&enus
650 347 852 396 indomiti
872 346 1079 394 habitant.

376 679 729 759 CAPUT
796 678 1302 758 DEthJM
1367 677 1894 768 QUARTUM.

480 846 609 924 De
633 842 958 925 Metalla>⁶
975 905 994 934 ,
1053 840 1326 934 Terris,
1382 836 1794 947 Lapidihus.

334 1063 343 1090 ι
371 1075 388 1098 x
424 1048 428 1051 ’
461 1052 477 1087 “;
503 1040 742 1088 Etallorum
756 1052 849 1087 tota
864 1041 961 1087 Sina
975 1038 1125 1087 uberes
1141 1056 1258 1086 venae
1274 1076 1286 1098 ,
1306 1036 1377 1085 sed
1398 1053 1544 1085 aurum
1560 1053 1607 1084 ac
1621 1049 1846 1102 argentum
1859 1029 1969 1082 effoss

384 1102 422 1148 χέ’
475 1114 479 1165 ξ
501 1110 600 1158 dere
615 1110 725 1177 leges
744 1108 991 1174 prohibenti
1007 1108 1059 1157 ad
1078 1108 1305 1156 fluminum
1321 1107 1431 1172 ripas
1448 1104 1719 1172 legerelicet,
1736 1103 1884 1170 ibique
1895 1120 1972 1150 co-

415 1185 438 1203 ”2
494 1179 664 1244 piosum
674 1195 822 1225 aurum
833 1180 1038 1243 reperitur
1048 1217 1063 1238 ,
1074 1195 1172 1224 nam
1180 1175 1424 1225 existimant
1428 1215 1442 1236 ,
1457 1175 1597 1224 noxiis
1609 1189 1724 1222 terrae
1734 1171 1971 1222 exhalanti-

323 1247 403 1293 bus
419 1248 648 1311 vapoiibus
664 1248 707 1293 in
722 1247 889 1293 mineris
905 1248 1052 1312 paffim
1069 1248 1237 1294 interire
1247 1245 1455 1303 homines,
1468 1261 1653 1310 quorum
1663 1246 1794 1291 vitam
1811 1242 1942 1308 pluris
1957 1275 1973 1301 ,

325 1333 457 1380 quam
478 1333 626 1363 aurum
638 1316 683 1361 &
700 1330 920 1380 argentum
937 1321 1140 1381 (propter
1154 1333 1248 1381 quae
1259 1315 1460 1379 Europaei
1480 1327 1684 1361 terrarum
1699 1311 1852 1360 viscera
1861 1310 1975 1360 scru-

324 1385 759 1442 tantur&evacuant‚
775 1382 850 1431 soli
870 1383 1138 1450 superficiem
1153 1382 1400 1431 hominibus
1417 1380 1707 1448 surripientes)
1721 1380 1775 1427 ab
1789 1382 1974 1445 Impera-

329 1451 493 1500 toribus
508 1470 556 1500 ac
569 1453 762 1519 Regibus
782 1452 971 1500 aestimari
990 1469 1065 1518 par
1077 1452 1151 1503 est,
1185 1455 1351 1501 Caetera
1361 1489 1374 1512 ‚
1384 1465 1607 1519 argentum
1621 1452 1769 1498 vivum
1781 1487 1794 1510 ,
1804 1465 1855 1498 aes
1865 1486 1879 1509 ,
1891 1448 1975 1497 fer-

328 1538 437 1582 rum,
446 1521 655 1583 stannum,
670 1520 919 1582 cinnabaris,
934 1520 1198 1587 lapislazuli²
1216 1521 1435 1569 vitriolum
1450 1520 1611 1587 paffim.

397 1594 477 1638 Per
489 1604 626 1642 totam
643 1593 816 1641 Suchuen
829 1591 1085 1642 excellentes
1103 1603 1320 1658 magnetes
1331 1627 1344 1652 ‚
1372 1591 1529 1657 optimi
1552 1587 1669 1656 apud
1684 1590 1858 1638 Liucheu
1871 1589 1977 1637 &in

325 1664 552 1730 ‘Huquatggn

397 1732 447 1778 In
461 1731 672 1780 montanis
690 1735 724 1779 Y
721 1731 830 1781 ocheu
843 1729 947 1797 lapis
960 1730 1123 1790 viridis,
1138 1733 1212 1797 qui
1223 1729 1334 1778 tusus
1342 1728 1535 1778 colorem
1545 1728 1723 1778 viridem
1741 1725 1979 1796 pi5toribus

329 1798 520 1849 exhibet.
991 1827 995 1830 ·

398 1870 448 1917 In
468 1875 673 1938 Qntung
687 1868 804 1936 apud
816 1869 1006 1930 Kaocheu
1020 1871 1066 1918 &
1087 1869 1180 1918 Tali
1195 1871 1238 1915 in
1255 1873 1405 1917 Imman
1416 1905 1429 1927 ,
1448 1885 1649 1927 marmor,
1658 1866 1780 1933 quod
1795 1869 1840 1915 in
1853 1865 1978 1914 tabu-

335 1934 393 1982 las
407 1937 561 1985 sefium
578 1938 745 1985 arbores
756 1975 769 1997 ,
782 1938 929 1998 flores,
949 1942 1168 2006 Regiones
1179 1941 1224 1986 &
1241 1939 1370 1985 varias
1386 1939 1587 2002 imagines
1606 1935 1892 2001 pulcherrima
1904 1953 1979 1983 co-

334 2004 474 2052 lorum
490 2010 688 2053 varietate
702 2006 890 2056 exhibet.

401 2074 448 2119 ln
464 2076 611 2141 Peking
624 2074 854 2138 Crystallus
870 2074 1036 2134 ‚album
1056 2077 1102 2122 &
1122 2073 1297 2123 rubrum
1306 2075 1499 2123 Marmor
1524 2093 1534 2120 ε
1571 2073 1615 2122 in
1630 2074 1849 2122 montibus
1861 2081 1925 2126 X
1926 2076 1982 2122 ai·-

334 2155 444 2208 tang,
463 2143 671 2210 Regionis
687 2145 835 2209 Xansi
843 2182 856 2203 ,
877 2143 1077 2210 jaspides,

405 2214 451 2258 In
478 2221 540 2264 X
542 2215 623 2277 enfi
647 2213 775 2258 etiam
799 2212 929 2278 jaspis
961 2213 1159 2280 copiosus
1183 2214 1399 2278 Europaeo
1417 2213 1567 2261 clarior
1585 2211 1685 2260 hinc
1699 2212 1800 2263 inde
1811 2210 1983 2261 maculis

339 2277 593 2329 subceruleis
610 2282 995 2346 variegatus,quem
1011 2282 1119 2331 solus
1134 2283 1369 2346 Imperator
1382 2281 1458 2330 fibi
1471 2282 1677 2332 vendicat.

406 2351 455 2396 ln
471 2352 600 2417 Xenfi
611 2350 725 2414 apud
739 2347 966 2417 shengyven
985 2353 1029 2400 in
1045 2365 1193 2400 monte
1204 2356 1246 2398 Io
1256 2390 1270 2411 ,
1292 2351 1423 2418 lapilli
1439 2350 1710 2400 adamantum
1728 2350 1866 2397 aemuli
1878 2383 1891 2407 ,
1906 2350 1983 2413 qui

343 2419 450 2465 Sinis
461 2436 618 2485 magno
641 2421 684 2466 in
696 2421 836 2484 pretio
850 2437 898 2466 ac
912 2419 1185 2470 aestimatione
1198 2419 1304 2470 sunt.
1340 2423 1628 2486 Comparatur
1642 2421 1665 2466 a
1682 2416 1986 2467 mercatoribus

342 2505 397 2535 ex
415 2488 572 2554 Regno
590 2492 624 2535 Y
620 2489 749 2547 arken,
761 2505 891 2551 quem
905 2506 1064 2555 magno
1079 2490 1149 2537 hic
1166 2488 1402 2539 distrahunt
1412 2488 1593 2555 quaestu,
1615 2490 1661 2536 &
1672 2487 1804 2535 lucro.
1841 2488 1987 2553 Gaga-

344 2570 432 2604 tem
442 2570 514 2603 aut
525 2555 738 2623 jaspidem
753 2558 1013 2622 Europaeum
1031 2558 1172 2617 refert,
1184 2557 1262 2606 nisi
1271 2558 1392 2624 quod
1402 2557 1657 2623 pellucidior
1667 2591 1680 2614 ‚
1702 2557 1747 2603 &
1764 2556 1987 2603 intermix-

343 2638 393 2672 to
408 2625 584 2673 subinde
602 2627 795 2674 tenuiore
814 2625 962 2674 colore
978 2627 1169 2675 coeruleo
1185 2625 1376 2676 albescat.
1410 2626 1648 2692 Facilequis
1665 2623 1830 2684 credat,
1850 2642 1990 2675 unum

343 2694 459 2742 hunc
468 2694 549 2742 effe
564 2705 624 2741 ex'
636 2696 698 2754 iis,
712 2713 820 2760 quos
836 2696 964 2742 Sacrae
975 2695 1126 2744 Literae
1135 2696 1367 2757 recensent,
1375 2709 1503 2760 atque
1520 2697 1628 2743 inter
1637 2693 1869 2742 duodecim
1880 2694 1988 2760 lapi-

345 2763 417 2810 des
428 2763 521 2811 illos
542 2763 762 2828 pretiosos,
775 2766 850 2828 qui
863 2763 963 2811 vesti
984 2768 1160 2813 Aaronis
1175 2766 1394 2814 attexendi
1409 2778 1538 2822 erant,
1547 2764 1796 2822 enumerari,
1809 2763 1989 2812 fimodo

346 2832 450 2897 lapis
460 2847 584 2880 tantae
597 2834 897 2898 magnitudinis
920 2834 1057 2881 forma
1068 2833 1269 2901 quadrata
1287 2835 1459 2900 reperiri
1475 2833 1626 2898 possit,
1660 2846 1709 2881 ut
1728 2849 1859 2882 unum
1878 2832 1990 2881 illius

347 2898 452 2946 latus
466 2901 709 2948 dumidium
723 2902 873 2967 palmae
887 2916 1044 2967 aequet,
1063 2906 1138 2969 qui
1149 2918 1239 2953 tum
1250 2901 1540 2951 inaestimabilis
1550 2902 1692 2950 evadit
1708 2906 1850 2967 pretii,
1860 2917 1989 2968 atque

348 2966 372 3013 a
386 2967 478 3014 solo
495 2972 753 3035 Imperatore
767 2985 1044 3036 comparatur.

416 3036 464 3083 In
480 3053 627 3086 monte
637 3041 755 3101 Kiun
770 3045 962 3092 Marmor
972 3039 1158 3089 rubrum.

1940 3109 1989 3156 In
