2050 3412
319 160 710 243 adfflsagnum
731 158 981 217 'Tartariae
1000 163 1220 243 Sinaeque
1245 161 1472 221 chamum.
1626 186 1647 223 Ι
1663 187 1684 223 r.
1698 188 1730 233 7

79 261 235 311 tissimo
253 259 398 326 gladio
418 258 576 305 serrato
595 258 728 304 ventri
750 257 908 304 Balcnae
927 259 1108 305 exitium
1124 259 1299 306 molitur
1317 279 1326 304 ε
1356 260 1454 307 inde
1471 258 1622 308 riffiun
1638 260 1729 322 ejus

78 329 244 380 subiens
259 368 274 389 ,
299 327 489 393 linguam
500 326 691 385 devorat,
705 328 773 373 cui
792 328 850 372 rci
868 326 1000 373 fidem
1016 326 1178 375 faciunt
1192 328 1334 374 multae
1352 330 1520 378 balaenae
1534 345 1731 394 mortuae,

44 442 46 445 ,
79 416 259 469 quarum
274 398 417 463 lingna
432 395 624 444 faucibus
635 394 775 442 morsu
789 393 848 441 est
865 395 1019 444 evulsa.
1563 410 1566 413 ·

146 467 320 515 Bal-aenae
343 468 401 513 ita
421 467 658 532 capiuntur.
703 465 980 529 Deprehensa
996 467 1042 511 in
1063 468 1165 511 mari
1189 465 1353 512 Balaena
1368 466 1583 530 scapham,
1607 467 1728 530 cujus

79 533 588 603 prorant-Harponierusffita
600 546 753 580 vocant
768 532 1350 602 Belgae)infistit,expediunt.
1383 535 1595 599 Jaculator
1610 536 1727 598 jacu-

79 608 170 655 lum
189 604 363 652 suumin
381 603 555 650 Balaenae
569 617 697 668 caput
707 603 854 668 adigit.
889 606 1062 652 Ferrum
1075 602 1165 665 ejus
1177 617 1257 650 tres
1273 602 1402 669 pedes
1413 602 1591 670 longum
1604 624 1726 665 ,acum

80 691 172 725 tum
187 676 233 722 &
245 675 492 722 uncinatum
506 673 641 738 longo
649 671 751 719 fune
772 673 1047 722 ducentarum
1065 673 1152 721 fere
1170 689 1401 739 orgyarum
1419 671 1638 738 alligatum
1652 675 1730 725 est.¹

80 745 202 794 Piscis
218 743 321 791 iiius
337 742 560 808 profundo
575 742 779 808 mergitur
790 741 914 803 ,fune
923 743 1137 807 sequente.
1173 743 1213 788 Si
1225 741 1480 807 profundius
1489 741 1728 804 descendat,

80 831 210 880 quam
228 813 340 861 sunis
359 811 513 878 longus
528 810 914 870 est‚dimittiturex
923 812 1117 860 manibus
1133 850 1147 872 ,
1172 829 1226 858 ne
1241 812 1390 876 scapha
1405 824 1628 861 evertatur.
1661 815 1730 862 In<

81 883 251 932 terdum
268 895 466 928 extremo
480 880 573 928 funi
599 882 721 927 inane
737 898 804 928 vas
820 879 1016 947 alligant,
1043 879 1164 946 quod
1181 898 1299 945 aquae
1311 883 1500 929 innatans
1512 882 1600 939 ,vel
1616 899 1670 928 ex
1681 900 1729 930 ea

80 969 299 1018 emergens
319 949 526 997 Balaenain
547 949 734 996 ostendit
744 977 757 1008 ,-
782 967 1096 1015 nonnunquam
1114 949 1278 997 Balaena
1293 953 1421 997 etiam
1449 950 1533 997 hoc
1544 966 1612 998 vas
1629 969 1730 1000 cum

79 1021 183 1070 fune
197 1022 240 1070 in
251 1017 517 1085 profundum
532 1018 700 1082 abripit.
738 1020 926 1067 Vulnere
952 1019 1158 1085 paulatim
1170 1018 1389 1077 debilitata
1407 1022 1610 1085 emergit,
1633 1022 1679 1068 &
1701 1021 1732 1069 si

35 1134 38 1137 ,
80 1093 199 1139 vivat
213 1089 369 1147 adhue,
386 1088 539 1135 lanceis
548 1104 689 1152 porro
702 1088 1054 1147 confoditur,sed
1067 1089 1258 1136 maximo
1275 1107 1371 1137 cum
1383 1089 1591 1153 periculo,·
1603 1092 1732 1156 quip-

65 1158 136 1226 pe
154 1159 295 1226 pinnis
310 1157 391 1204 suis
405 1159 448 1205 8<
460 1157 593 1204 cauda
602 1173 714 1203 mare
727 1155 986 1205 horribiliter
996 1156 1202 1217 verberat,
1215 1172 1262 1204 ut
1276 1157 1399 1205 undae
1418 1156 1572 1222 spumis
1582 1159 1731 1224 ingen-

79 1228 193 1277 tibus
208 1226 486 1285 albescant,&
502 1225 663 1290 scaphae
682 1223 959 1274 submersioni
975 1226 1184 1292 expositae
1206 1225 1298 1274 sint.
1334 1229 1403 1273 Ex
1415 1239 1589 1274 mortuo
1599 1229 1731 1275 adlit-

79 1313 146 1347 tus
164 1297 344 1347 laridum
364 1295 507 1344 cultris
521 1292 852 1355 exscinditur,ac
863 1295 905 1341 in
915 1295 1063 1343 oleum
1078 1297 1360 1360 excoquitur:
1388 1295 1603 1362 reliquum
1610 1297 1733 1345 cada-

79 1386 153 1416 ver
167 1370 211 1415 in
226 1382 340 1414 mare
350 1364 547 1426 abjicitur
565 1400 578 1424 ‚
608 1364 678 1410 cui
690 1363 912 1412 insidentes
923 1364 996 1411 lari
1015 1364 1122 1412 illud
1141 1365 1448 1430 depascuntur,
1470 1369 1516 1415 &
1532 1365 1637 1412 dum
1659 1384 1733 1417 na¹¹

81 1435 375 1498 tat‚Balaenam
389 1436 529 1484 vivam
539 1432 693 1500 procul
705 1432 987 1499 spe&antibus
1004 1433 1210 1482 exhibere
1230 1434 1409 1483 videtur.

779 1585 1018 1685 Qtilia.

168 1748 187 1755 ,
215 1717 312 1766 Pud
329 1716 547 1783 Fungciarg
559 1721 780 1784 Serpentes
790 1716 901 1783 nigri
915 1732 971 1763 ex
983 1713 1139 1781 quibus
1154 1713 1399 1763 antidotum
1415 1714 1666 1764 conficiunt.

282 1790 331 1834 In
344 1792 407 1837 H
405 1804 499 1833 onan
510 1788 626 1853 apud
642 1789 699 1836 N
697 1805 841 1853 avgg-ang
856 1822 868 1845 ‚
888 1787 1109 1850 Serpentes
1127 1797 1225 1832 cute
1242 1785 1453 1833 maculosa
1468 1786 1735 1853 &albuginif

84 1858 166 1907 bus
184 1856 350 1905 infec'ia.
395 1857 557 1904 Vinum
570 1895 583 1917 ,
596 1859 638 1904 in
651 1874 742 1921 quo
756 1857 970 1915 macerati,
981 1853 1188 1920 paralysin
1197 1854 1323 1901 sanat.
1392 1896 1395 1898 .

149 1930 200 1975 In
215 1931 276 1976 H
273 1945 421 1992 uquang
430 1925 547 1992 apud
568 1932 630 1976 H
629 1926 793 1993 oangheu
809 1927 1030 1990 Serpentes
1046 1923 1210 1989 lepram
1225 1926 1271 1972 &
1285 1922 1465 1971 scabiem
1476 1923 1630 1972 sanant.

149 1999 198 2044 In
216 1996 400 2062 Cheltiang
410 1994 526 2062 apud
538 1996 797 2058 Kincheu,in
812 2007 962 2042 monte
981 1996 1134 2054 Cutien,
1153 1994 1373 2059 Serpentes
1391 1992 1478 2042 sine
1499 2009 1667 2040 veneno
1686 1991 1734 2037 &

85 2066 260 2114 innoxii
276 2064 384 2112 sunt.

808 2216 1009 2295 Insefila.

204 2347 307 2411 Enfi
314 2346 412 2391 raris
427 2346 622 2410 irrigatur
637 2342 808 2411 pluviis,
818 2341 933 2389 unde
947 2343 1093 2408 ingens
1109 2340 1363 2389 locustarum
1374 2340 1417 2388 in
1428 2357 1476 2387 ea
1486 2352 1735 2405 proventus⁹

115 2451 123 2455 -
203 2432 378 2462 omnem
398 2416 581 2463 virorem
592 2412 922 2480 depascentium,
935 2427 1180 2475 quanquam
1195 2428 1342 2459 omnes
1358 2409 1508 2457 incolae
1518 2407 1626 2470 juffu
1636 2412 1735 2459 Ma-

85 2483 491 2551 gistratuuulcontra
507 2502 574 2531 eas
595 2482 921 2549 expeditionem
941 2479 1164 2545 suscipiant
1181 2482 1227 2528 8<
1247 2480 1363 2545 quasi
1379 2478 1543 2526 bellum
1560 2493 1730 2544 gerant,

72 2552 361 2602 nihilominus
380 2553 530 2601 cuniia
543 2554 653 2601 adeo
665 2551 821 2599 vastant
837 2589 850 2610 ,
883 2562 933 2596 ut
942 2567 1081 2615 neque
1099 2548 1202 2598 folia
1217 2549 1260 2595 in
1274 2546 1494 2597 arboribus
1504 2565 1667 2613 ,neque
1685 2549 1730 2594 in

86 2625 244 2688 campis
258 2621 414 2683 herbae,
427 2637 499 2671 aut
513 2622 596 2670 sata
609 2620 933 2686 conspiciantur.
969 2620 1088 2684 Saepe
1105 2621 1175 2666 sua
1191 2616 1466 2666 multitudine
1476 2619 1613 2682 ipsum
1624 2616 1732 2664 Solis

88 2693 234 2740 lumen
251 2691 456 2739 offuscant
474 2694 519 2739 8<
535 2690 724 2740 tenebras
738 2689 825 2755 ipsa
848 2687 1023 2737 meridie
1044 2688 1265 2736 inducunt.
1300 2690 1565 2752 Coquuntur
1583 2686 1605 2732 a
1626 2687 1732 2734 Sinis

88 2764 135 2810 &
152 2779 233 2826 pro
251 2760 352 2808 cibo
363 2761 546 2810 delicato
563 2759 862 2809 comeduntur.

158 2833 206 2877 In
222 2836 281 2879 H
279 2850 426 2897 uqung
435 2829 549 2897 apud
561 2831 696 2897 Tegcm
708 2866 720 2888 ,
737 2846 829 2876 cera
839 2824 931 2873 alba
941 2827 1165 2891 reperitur,
1178 2831 1307 2890 quam
1316 2824 1546 2873 Vermiculi
1555 2823 1734 2889 quidam

89 2898 246 2948 eodem
262 2898 347 2946 fere
357 2901 598 2967 niod0‚quo
608 2916 705 2964 apes
711 2938 723 2959 ,
734 2897 852 2945 favos
869 2893 1101 2942 elaborant.
1118 2898 1219 2943 Haec
1228 2911 1321 2941 cera
1335 2891 1526 2959 pretiosis
1535 2893 1735 2953 candelis„

88 2967 247 3033 quibus
255 2967 421 3016 nonnisi
429 2971 652 3035 Magnates
663 2981 839 3015 utuntur
855 3004 867 3025 ,
880 2963 1072 3011 inservit:
1086 2981 1184 3011 nam
1203 2965 1249 3010 8<
1264 2961 1563 3013 candidissimae
1577 2963 1670 3012 sunt
1687 2964 1734 3009 &

90 3038 272 3094 suavem,
282 3036 387 3085 dum
396 3037 565 3098 ardent,
586 3037 766 3086 odorem
777 3034 997 3092 exhalant,
1015 3036 1061 3082 &
1076 3033 1223 3082 clarius
1239 3032 1534 3097 lucent,quam
1541 3032 1645 3091 aliae,
1658 3046 1738 3078 nec

93 3104 222 3154 vestes
231 3106 430 3160 contafiu
438 3105 617 3159 foedant.
652 3109 756 3158 Haec
764 3121 857 3154 cera
866 3105 996 3153 etiam
1006 3102 1123 3168 apud
1132 3104 1267 3170 Pinglo
1275 3105 1319 3151 in
1333 3105 1508 3172 Qngfi
1514 3103 1736 3217 τεξτίὗμιξῖ

985 3189 1016 3237 p
1052 3191 1078 3241 3
1618 3186 1644 3216 u
1663 3185 1691 3220 ,ι
1725 3183 1740 3213 1
