2114 3412
295 167 373 215 70
652 145 793 203 Pars
811 138 978 199 ultima
1000 140 1284 224 Legationia
1305 142 1568 202 Patavicae

293 245 436 296 habet.
470 246 517 291 In
538 260 586 290 ea
600 242 694 292 duae
708 240 917 289 turriculae
932 258 1031 288 cum
1065 243 1277 306 tympanis
1298 243 1343 288 δέ
1361 239 1474 289 tubis
1490 278 1501 300 ,
1534 257 1638 305 quas
1655 241 1857 307 praefec‘w
1875 256 1957 292 ex-

296 330 425 364 eunte
440 327 513 360 aut
528 309 796 377 ingrediente
817 310 982 378 pulsant
1000 313 1044 359 8<
1061 310 1268 361 insonant.
1968 316 1971 319 '

365 385 548 431 Interius
581 381 810 449 spatiosum
842 384 996 428 atrium
1012 418 1024 440 ,
1064 384 1107 428 in
1137 399 1228 445 quo
1244 380 1502 428 audientiam
1536 380 1756 444 praefeftus
1779 383 1958 448 cupien-

298 452 412 502 tibus
430 452 626 520 largitur:
647 450 699 498 ad
723 465 954 515 utrumque
973 451 1078 498 latus
1092 449 1303 510 aediculae,
1326 466 1429 514 quas
1448 448 1573 496 aulici
1598 450 1818 498 inferiores
1839 449 1959 498 habi-

300 536 402 574 tant,
455 520 629 589 Singula
657 519 812 586 palatia
830 521 939 568 duos
959 522 1144 568 minores
1169 537 1349 585 quoque
1377 519 1490 566 aulas
1509 518 1668 567 habent
1679 557 1691 579 ,
1734 521 1779 568 in
1802 519 1961 584 quibus

300 592 488 661 hospites
498 592 736 657 excipiunt,
756 592 799 637 in
815 591 877 638 his
889 589 1005 638 sedes
1025 592 1071 637 &
1087 589 1252 655 reliqua
1263 589 1315 636 ad
1326 587 1544 653 hospitum
1561 589 1866 653 exceptionem
1884 589 1959 637 de«

299 661 460 712 stinata.
499 661 598 708 Post
613 660 700 707 illas
716 673 797 708 tres
814 660 904 707 aliae
923 672 1059 726 portae
1071 696 1082 718 ,
1093 677 1188 724 quae
1203 676 1292 706 non
1308 656 1384 706 nisi
1397 656 1601 708 Praefecto
1619 656 1803 716 tribunal
1819 658 1960 708 ascen-

301 730 458 792 dente,
492 729 752 778 reserantur:
789 730 929 779 media
945 743 1071 794 porta
1095 728 1264 795 insignis
1278 726 1612 795 magnitudinis,
1645 745 1863 793 perquam
1880 728 1959 777 soli

301 800 471 849 nobiles
489 803 535 847 Sc
551 813 764 867 magnates
783 799 1082 865 ingrediuntur
1099 826 1111 857 3
1142 798 1279 847 caeteri
1294 816 1374 864 per
1389 798 1586 845 minores.
1619 798 1739 844 Tum
1754 796 1833 844 alia
1844 815 1963 859 area,

302 870 347 917 in
358 868 478 931 cujus
492 871 761 918 extremitate
772 886 925 934 magna
938 868 1031 915 aula
1046 866 1257 916 columnis
1268 869 1420 915 innixa
1435 904 1450 927 ,
1464 868 1640 914 nomine
1656 866 1787 934 Tang.
1822 868 1871 914 In
1882 867 1962 927 hac

303 939 522 1004 praefectus
541 939 606 1001 jus
616 940 719 987 dicit
737 957 746 984 :
768 939 983 1003 utrimque
997 936 1262 997 tabelliones,
1269 937 1442 985 curiales
1457 972 1470 995 ,
1483 935 1658 984 ministri
1681 936 1870 1002 publici,
1887 936 1962 985 ha-

302 1007 464 1069 bitant,
482 1027 670 1075 quorum
683 1008 754 1055 illa
771 1006 885 1056 sedes
904 1007 1095 1056 constans
1111 1045 1127 1068 ,
1160 1024 1240 1055 nec
1258 1025 1359 1058 cum
1373 1005 1577 1057 Praefecto
1596 1004 1832 1056 adveniunt
1846 1042 1859 1067 ,
1890 1005 1962 1055 vel

301 1076 537 1128 discedunt.

370 1149 570 1214 Sequitur
596 1146 801 1196 Palatium
828 1150 999 1196 interius
1020 1145 1248 1214 Sutangfid
1268 1145 1328 1194 est
1340 1147 1558 1207 Secretum,
1591 1148 1635 1194 in
1651 1145 1773 1211 quod
1792 1143 1962 1194 nonnisi

302 1219 440 1266 intimi
455 1217 817 1266 P1·aefe&0ru11121d
834 1217 1127 1282 colloquium,
1150 1214 1502 1264 &salutationem
1518 1215 1813 1263 admittuntur.
1858 1215 1961 1264 Post

301 1305 380 1352 per
394 1305 592 1354 magnam
601 1300 772 1353 portam
787 1290 948 1333 circum
962 1287 1071 1333 hanc
1085 1286 1235 1334 famuli
1247 1283 1473 1333 domestici
1487 1286 1533 1332 &
1544 1284 1847 1334 P1·aefe&oru1n
1857 1303 1959 1351 pto-

301 1358 386 1423 prii
401 1357 565 1422 degunt
580 1394 593 1417 ,
615 1355 668 1404 ad
683 1356 790 1404 aedes
803 1354 989 1403 Praefecti
1006 1358 1268 1420 pervenitur,
1276 1355 1321 1400 in
1331 1352 1488 1419 quibus
1498 1371 1597 1401 cum
1608 1372 1745 1403 uxore
1756 1356 1804 1403 &
1818 1355 1962 1404 liberis

302 1427 422 1475 vivit.
457 1428 562 1473 Sunt
577 1428 622 1473 &
632 1425 731 1484 luci,
740 1423 994 1484 ambulacra,
1008 1424 1121 1472 lacus
1141 1425 1276 1485 ,horti
1290 1424 1335 1470 8<
1345 1423 1555 1490 quicquid
1565 1422 1617 1471 ad
1629 1422 1963 1474 dele&ationem

303 1493 440 1543 facere
454 1494 611 1560 potest,-
627 1493 999 1560 naves,suppellex
1013 1531 1025 1555 ,
1048 1492 1449 1561 mancipia,vi&us,
1467 1493 1613 1542 omnia
1630 1495 1777 1561 Regio
1789 1494 1964 1562 sumptu

264 1585 266 1587 ·
302 1563 509 1613 Praefeffis
524 1562 865 1630 suppeditantur,
879 1566 953 1631 qui
966 1563 1236 1626 fidiscedant,
1254 1567 1301 1614 8<
1311 1565 1397 1612 alio
1408 1562 1724 1626 transferantur,
1734 1563 1884 1616 cunita
1900 1564 1966 1634 seg

299 1651 404 1685 curn
413 1631 577 1683 auferre
596 1633 762 1682 licitum
774 1653 784 1680 ε
804 1651 926 1683 novo
937 1633 1140 1684 Praefe&o
1157 1633 1238 1682 alia
1251 1632 1588 1702 suppeditantur.

371 1706 419 1753 In
442 1707 597 1770 Cingtu,
624 1705 759 1770 prima
771 1703 1005 1771 metropoli
1016 1705 1250 1755 Provinciae
1266 1707 1466 1766 Suchuen,
1481 1705 1590 1754 olim
1598 1703 1887 1772 Rexquidam
1902 1720 1963 1755 ex

301 1773 463 1823 familia
479 1774 671 1841 Tambzga
681 1812 693 1835 ,
710 1776 785 1839 qui
796 1773 1086 1835 iurisdietione
1098 1793 1146 1822 ac
1155 1775 1286 1824 titulo
1300 1775 1377 1824 soli
1392 1774 1573 1825 cedebat
1580 1775 1855 1840 Imperatori,
1870 1790 1964 1824 coe-

300 1859 393 1893 tera
407 1845 553 1892 omnia
565 1844 761 1893 Caesareo
775 1844 1002 1911 splendore
1013 1863 1060 1892 ac
1078 1858 1282 1911 apparatu
1299 1845 1600 1895 administram.
1636 1844 1842 1892 Palatium
1852 1861 1960 1910 qua-

307 1929 407 1964 tuor
417 1912 662 1961 milliarium
677 1913 924 1962 Italicorum
937 1915 1114 1962 circuitu
1133 1914 1306 1976 habuit,
1319 1929 1504 1981 quatuor
1516 1914 1649 1981 portis
1676 1912 1840 1981 insigne
1849 1912 1964 1962 mul-

304 1985 449 2048 tisque
463 1982 643 2029 arcubus
663 1982 990 2048 triumphalibus
1005 1982 1246 2048 speetabile.
1952 1985 1957 1990 ”

375 2055 423 2100 In
439 2051 548 2111 Tali,
557 2053 789 2098 Provinciae
810 2057 958 2100 Iunnan
970 2053 1195 2110 Palatium,
1215 2051 1453 2102 relaxandis
1463 2052 1611 2102 animis
1626 2049 1960 2114 exaedificatum,

306 2119 584 2188 magnificum
594 2120 758 2168 ambitu
769 2122 961 2186 quinque
979 2120 1464 2182 stadiorum,altitudine
1476 2122 1625 2172 decem
1638 2122 1896 2191 perticarum
1907 2121 1961 2171 ad

310 2191 580 2256 voluptatem
593 2190 836 2238 extrufifflm
851 2191 924 2240 est.

375 2259 514 2326 Apud
531 2262 745 2327 Hinghoan
755 2262 798 2307 in
812 2263 966 2319 Fokien,
976 2260 1029 2308 ad
1041 2260 1198 2326 pedem
1208 2262 1365 2309 montis
1380 2259 1578 2326 Chirzyven
1589 2261 1723 2324 ,lacus
1739 2261 1866 2328 Chung
1872 2257 1933 2309 est
1943 2297 1962 2321 ‚

307 2329 430 2391 cujus
448 2328 551 2395 ripae
561 2347 765 2396 magnum
780 2329 1053 2392 Palatium,in
1064 2348 1155 2395 quo
1166 2331 1315 2380 decem
1330 2332 1435 2380 aulae
1446 2332 1542 2381 sunt
1557 2370 1571 2392 ‚
1597 2329 1775 2392 adjacet.
1805 2330 1854 2377 In
1874 2328 1960 2376 hoc

309 2401 476 2449 Palatio
485 2399 654 2464 quoties
666 2400 813 2464 pluvia
823 2400 890 2448 vel
903 2416 1052 2448 ventus
1063 2402 1270 2458 imminet,
1284 2399 1409 2451 sonus
1418 2398 1536 2469 quasi
1548 2417 1761 2466 campanae
1774 2395 1960 2449 auditur.

308 2471 384 2521 De
407 2469 501 2518 aula
513 2470 754 2535 Peltingenfi,
767 2469 888 2534 supra
909 2471 953 2517 in
971 2469 1188 2538 legatione
1203 2469 1356 2522 aestum.

1040 2651 1285 2657 —-—--·-—-—--—--
1294 2651 1356 2656 -—-
1373 2646 1913 2657 <wa-w

1736 3060 1954 3107 CAPUT
