2114 3412
387 123 454 182 ad
463 125 609 191 M
604 145 775 209 agnum
792 122 1048 185 Tartariae
1063 128 1287 213 Sinaeque
1302 127 1559 208 [hamum.
1731 150 1793 202 87

123 249 216 297 quae
243 233 481 287 Ceuveuczao
501 252 515 289 3
551 229 705 277 Sinchen
717 267 732 289 ,
750 246 843 294 quae
857 230 1148 290 Siao‚Tanxan,
1163 235 1271 300 thg
1281 269 1296 290 ,
1316 237 1361 284 8(
1373 236 1453 285 Poi.
1496 239 1539 282 A
1555 236 1659 284 Sinis
1670 229 1792 300 Chen,

122 304 168 349 8(
181 301 302 349 variae
310 300 492 348 minores
509 301 715 357 civitates,
734 300 840 347 Hien
859 315 1124 366 nuncupatae.

193 375 281 426 Qu
295 387 319 415 Α
334 387 361 414 N
375 387 400 414 o
414 387 438 414 τ
457 387 482 415 E
506 371 638 434 prima
654 370 880 416 Provinciae
892 370 1038 432 Major
1050 371 1493 438 Civitas,sericic0pii1
1506 375 1620 423 dives
1633 413 1644 434 ,
1668 393 1787 423 διηπε-

119 439 310 487 nioribus
320 440 522 506 contigua
535 437 763 496 montibus,
774 456 958 502 quorum
968 437 1218 487 celebriores
1229 440 1323 488 sunt
1337 445 1399 488 H
1398 447 1527 508 eng,&
1542 446 1658 510 Ling,
1672 446 1785 510 prior

117 508 171 556 ad
185 508 429 557 occiduam
443 509 631 555 civitates
639 522 799 572 partem
812 522 939 572 caput
950 507 1134 555 nubibus
1146 510 1340 568 infert,in
1353 510 1653 575 ipsoequidem
1664 516 1784 576 apice

116 579 314 642 perennis
333 577 465 624 fontis
474 576 696 643 scaturigo,
709 575 911 640 posterior
922 575 1076 624 collem
1087 578 1216 626 habet
1223 575 1410 629 maxime
1420 580 1653 640 difficilem,
1665 585 1708 629 8(
1721 601 1784 629 ac-

115 646 269 694 clivem
282 647 529 710 quindecim
542 645 768 692 stadiorum
781 645 928 710 spatiO,
938 646 990 693 ad
1003 664 1131 711 quem
1144 646 1396 713 speltmca,in
1410 650 1477 713 cuj
1485 668 1528 698 us
1538 651 1654 699 aditu
1666 650 1783 698 sacri-

115 714 230 765 ficuli
243 715 462 777 cujusdam
475 714 640 780 lapidea
653 715 783 761 statua
796 713 867 772 est,
878 732 1007 779 quem
1018 717 1060 761 in
1076 734 1170 763 eam
1187 731 1397 765 mutatum
1406 717 1590 785 sin-gunt.

187 788 268 832 Ho
278 803 302 831 c
314 802 339 829 H
354 802 377 830 E
389 802 417 830 u
439 784 619 831 secunda
634 786 859 842 Provinciae
869 786 1017 848 Major
1028 787 1190 834 Civitas
1202 825 1214 846 ,
1232 785 1435 851 sylvarum
1447 787 1673 836 solitudine
1686 789 1783 836 hor-

116 853 205 901 rida
217 891 229 914 ‚
248 872 303 901 ex
322 871 376 900 eo
387 852 562 902 celebris
575 891 587 912 ,
611 853 730 918 quod
742 852 991 901 sacrificulus
1001 853 1069 902 ille
1081 857 1356 905 Tartaror-um
1379 857 1575 923 expulsor
1592 857 1711 906 isthic
1726 858 1780 904 la-

114 936 282 970 tronem
295 926 441 989 egerit:
455 923 543 987 ejus
559 937 702 972 tamen
717 924 973 970 territorium
987 942 1127 972 rerum
1138 926 1452 979 necessariarum
1464 946 1544 993 pro
1554 927 1781 978 incolisab»

111 993 228 1041 unde
240 991 361 1044 ferax,

185 1063 228 1108 H
243 1080 266 1107 Η
280 1081 307 1110 u
320 1080 345 1107 c
356 1080 381 1109 u
396 1081 419 1107 E
431 1079 460 1108 u
481 1063 601 1109 tertia
615 1063 845 1109 Provinciae
864 1059 1008 1122 Major
1022 1065 1199 1117 Civitas,
1209 1065 1329 1128 cujus
1340 1067 1584 1129 Regionem
1613 1070 1656 1115 U
1671 1067 1780 1117 lacus

109 1133 166 1180 ad
180 1131 330 1179 urbem
345 1134 529 1179 Civem-iao
543 1134 694 1189 Ortu3‚
709 1134 753 1179 &
766 1131 822 1177 ad
836 1130 986 1196 Latgan
997 1149 1244 1195 procurrens
1254 1129 1465 1183 faecundat
1475 1172 1486 1194 ,
1507 1139 1639 1185 varios
1650 1137 1780 1186 inclu-

109 1202 176 1250 dit
188 1215 365 1259 montes,
376 1218 559 1266 quorum
570 1202 746 1265 nomina
759 1202 802 1248 in
813 1202 976 1266 mappis
986 1203 1179 1260 Martinii
1193 1203 1325 1250 videri
1338 1204 1520 1268 possunt.

182 1275 208 1319 S
224 1289 233 1316 ι
250 1289 279 1317 u
291 1289 314 1316 c
324 1289 351 1317 H
367 1289 388 1316 Ε
402 1288 431 1317 u
450 1284 598 1334 quarta
610 1271 838 1318 Provinciae
848 1270 997 1333 Major
1008 1273 1191 1329 CivitaS,
1212 1274 1337 1319 Croceo
1357 1273 1493 1321 fluvio
1506 1273 1777 1336 vicinajacet‚

108 1342 182 1405 qui
194 1339 302 1388 hanc
322 1341 567 1405 Regionem
592 1339 778 1387 mediam
799 1339 1043 1394 intersecat,
1064 1343 1107 1391 in
1129 1342 1316 1392 maxime
1328 1341 1641 1408 septentrionali
1654 1346 1779 1410 hujus

108 1410 341 1457 Provinciae
353 1424 471 1475 parte
481 1407 553 1457 sita
565 1444 575 1466 ,
603 1407 719 1456 locus
737 1410 920 1456 omnino
929 1411 1072 1475 magni
1082 1412 1290 1460 momenti
1303 1447 1315 1470 ,
1336 1414 1499 1477 quippe
1510 1414 1584 1476 qui
1595 1429 1780 1478 quatuor

112 1481 429 1526 Provinciarum
452 1478 632 1526 finitima
654 1480 885 1528 contineat.
921 1478 996 1526 Ad
1016 1479 1343 1544 Barrapeliotem
1371 1499 1479 1545 pons
1499 1479 1641 1531 vifitur
1660 1487 1778 1548 aquis

108 1551 322 1608 innatans,
339 1567 394 1596 ex
408 1550 599 1613 quinque
616 1549 661 1596 8(
682 1549 853 1613 triginta
864 1550 1024 1614 magnis
1044 1549 1233 1608 navibus,
1241 1547 1381 1597 ferreis
1389 1552 1775 1601 catenisconnexisz

108 1621 236 1665 etiam
247 1636 302 1665 ex
314 1636 369 1665 eo
376 1616 563 1671 celebris,
573 1617 694 1682 quod
707 1619 837 1666 Hanae
851 1620 1130 1682 Imperatoriae
1140 1617 1305 1668 familiae
1317 1619 1461 1669 auctor
1473 1658 1487 1679 ‚
1500 1635 1623 1685 capta
1634 1623 1776 1671 civita-

108 1700 153 1735 te
164 1689 236 1734 Pol·
244 1723 256 1744 ,
284 1688 385 1734 inde
395 1687 447 1734 ad
459 1686 758 1752 occupandum
769 1689 999 1753 Imperi-um
1012 1689 1193 1754 gradum
1205 1689 1362 1738 fecerit.

178 1758 212 1803 F
214 1756 445 1804 amiliarum
456 1756 595 1803 decies
606 1757 751 1803 nov-ies
763 1755 1180 1824 centena,sexaginta
1192 1775 1349 1804 novem
1361 1756 1502 1814 millia,
1513 1758 1776 1826 offingentas

109 1828 156 1873 8(
169 1826 351 1874 sedecim
370 1844 386 1873 1
398 1826 521 1890 9698
533 1844 547 1872 1
560 1828 586 1873 6
599 1824 705 1872 liber
714 1827 924 1873 rationum
937 1824 1201 1891 pubiicarum
1215 1842 1420 1874 numerat.
1458 1829 1657 1875 Virorum
1670 1829 1776 1877 mili-

109 1897 261 1943 tarium
273 1894 519 1962 nonagesies
530 1897 674 1942 novies
682 1909 863 1943 centena
874 1931 886 1954 ,
895 1895 1109 1961 sexaginta
1121 1895 1282 1962 septem
1293 1895 1434 1951 millia,
1447 1897 1776 1963 quadringentos

108 1967 317 2032 &viginti
330 1982 498 2012 novem.
522 1966 760 2029 9967429.

178 2035 411 2082 Tributum
432 2051 570 2099 oryzae
588 2033 686 2081 facit
697 2032 1018 2099 quinquagesies
1030 2036 1176 2082 novies
1191 2035 1367 2093 centieS‚
1384 2037 1588 2101 nonagies
1599 2039 1641 2085 8(
1653 2039 1775 2103 quin-

109 2105 229 2169 quies
240 2103 353 2151 mille
366 2106 410 2151 8(
423 2105 593 2170 triginta
607 2118 790 2168 quatuor
802 2102 935 2150 saccos
951 2119 1184 2169 5995034.
1223 2106 1351 2150 Serici
1365 2121 1453 2150 non
1468 2101 1641 2153 laborati
1656 2143 1667 2164 ‚
1689 2105 1772 2155 sive

109 2172 171 2221 fili
181 2172 283 2221 flexit
293 2193 310 2219 s
322 2172 434 2220 mille
444 2174 707 2240 offingentas
727 2176 770 2220 8(
782 2173 997 2238 sexaginta
1008 2187 1099 2221 tres.
1114 2172 1249 2237 6863.
1262 2172 1392 2220 libras.
1441 2176 1609 2221 Pannos
1628 2175 1774 2223 sericos

109 2243 328 2291 confectos
338 2244 474 2289 omnis
485 2243 647 2307 generis
658 2244 784 2289 vicies
804 2244 849 2289 8(
866 2241 995 2289 osnes
1007 2241 1119 2289 mille
1130 2279 1142 2299 .,
1161 2242 1494 2308 quadringentos
1505 2245 1550 2290 &
1561 2246 1773 2309 quinqua--

109 2313 227 2378 ginta
253 2312 371 2359 duos.
399 2311 568 2377 28452.
608 2314 677 2358 Ex
697 2310 847 2358 canabi
866 2309 956 2357 telae
975 2325 1102 2358 textae
1119 2310 1182 2358 bis
1203 2309 1317 2358 mille
1335 2311 1597 2377 septuaginta
1611 2312 1771 2378 septem

112 2398 236 2446 2077
251 2380 478 2430 volumina.
517 2383 597 2426 Pro
608 2378 769 2426 tributo
782 2379 994 2445 goffipino
1015 2393 1236 2445 argentum
1248 2379 1444 2426 statutum
1457 2380 1529 2427 cst.
1559 2383 1774 2430 straminis

109 2449 181 2497 seu
194 2453 287 2499 faeni
300 2449 471 2497 fascium
483 2450 761 2515 quinquagies
772 2452 817 2497 8(
827 2449 954 2497 οξίἱεε
963 2464 1138 2498 centum
1151 2451 1197 2496 8(
1210 2463 1391 2514 quatuor
1403 2448 1532 2497 millia
1544 2487 1556 2510 ‚
1567 2450 1774 2499 ducentos

113 2521 158 2566 &
181 2519 480 2584 septemdecim
505 2519 658 2585 58042
673 2535 740 2581 ¹7·
783 2517 883 2565 Salis
900 2517 1090 2581 pondera
1109 2517 1257 2583 septies
1275 2520 1432 2566 centies
1466 2520 1511 2565 &
1546 2521 1774 2585 quinquies

113 2587 228 2635 mille
239 2592 281 2637 8(
293 2604 465 2636 centum
478 2605 568 2655 705
584 2606 684 2636 1002
721 2592 831 2642 Quae
851 2585 1023 2635 concita
1034 2587 1305 2636 indefinitum
1326 2586 1412 2634 fere
1424 2605 1647 2637 numerum
1657 2606 1771 2636 com-

113 2655 248 2722 plent.
283 2661 396 2706 Varii
406 2660 548 2725 Regni
562 2661 751 2704 Proceres
764 2657 867 2704 mihi
885 2654 1028 2721 saepius
1037 2655 1190 2704 sincere
1198 2657 1470 2714 affirmarunt,
1481 2657 1587 2703 hanc
1600 2660 1772 2707 Provin·

114 2727 222 2772 ciam
233 2729 447 2776 annuatim
459 2729 629 2794 triginta
641 2727 748 2774 duos
758 2724 963 2773 milliones
974 2743 1197 2774 aureorum
1208 2727 1455 2791 Imperatori
1468 2724 1638 2776 solvere.
1674 2729 1719 2776 N
1723 2746 1771 2774 ec

114 2797 254 2842 cuives
273 2794 355 2841 hoc
367 2798 517 2843 mirum
528 2795 575 2844 sit
587 2833 599 2855 ,
617 2813 714 2842 nam
727 2809 873 2860 praeter
892 2796 978 2842 haec
989 2797 1180 2859 quinque
1192 2794 1348 2843 telonia
1360 2810 1644 2844 numerantur.
1680 2801 1770 2845 De-

52 2908 54 2910 .
113 2863 215 2910 inde
244 2881 389 2912 omnes
416 2883 572 2913 merces
586 2899 600 2920 ,
636 2883 729 2929 quae
767 2863 979 2928 Nankingst
1009 2865 1063 2912 ad
1087 2863 1182 2912 alias
1216 2863 1546 2928 transportantur
1580 2864 1771 2913 feruntur

112 2930 205 2980 loca
217 2968 230 2991 ,
243 2947 360 2980 certo
377 2934 567 3001 ve&igali
589 2933 876 2997 subjiciuntur.
911 2932 1023 2982 Urbs
1042 2936 1237 2998 Xangzai
1256 2932 1337 2980 sola
1349 2930 1470 2980 solv1t
1484 2941 1628 2999 Magno
1639 2935 1771 2982 Chamo

111 3019 194 3066 pro
204 3001 365 3050 tributo
377 3001 492 3059 lanae,
502 3004 698 3062 ducenta,
709 3007 754 3052 8(
767 3004 1074 3069 quinquaginta
1087 3001 1212 3049 millia
1222 3005 1466 3052 Aureorum
1477 3039 1489 3062 ‚
1498 3003 1553 3054 de
1565 3018 1650 3051 tam
1661 3004 1770 3051 duro

111 3069 218 3139 jugo
239 3072 365 3121 varias
380 3070 613 3120 incolarum
634 3071 823 3138 querelas
840 3071 1006 3139 ipfimet
1023 3070 1285 3137 suscepimus,
1319 3071 1586 3122 Menstruum
1606 3075 1773 3119 omnius

1593 3142 1781 3189 taberna»
