2114 3412
317 176 415 216 122
658 147 1012 234 Pars-secunda
1034 146 1314 235 Legatiomls
1335 149 1599 207 ‘Batavicae

2092 590 2114 626 ‘⁴
2095 542 2104 557 ”
2081 268 2112 535 h-w-{ve-‘ssosseam

133 1516 239 1557 Legati
250 1524 297 1547 ve·
320 1516 554 1584 Oppidum
576 1517 846 1563 LINCING
864 1514 947 1564 sive
958 1513 1175 1584 Linxinfiei,
1184 1530 1357 1566 centum
1369 1518 1414 1565 8<
1427 1515 1578 1584 viginti
1596 1517 1658 1580 Ly
1678 1514 1731 1563 ab
1742 1514 1848 1565 urbe
1861 1486 1989 1584 Timga

35 1555 80 1590 ’,ἶ
131 1561 217 1589 niunt
225 1560 299 1587 Lm-

131 1609 215 1649 91N0
231 1620 252 1646 >,
266 1599 299 1630 ει
317 1588 418 1652 ching
431 1588 654 1654 attigimus,
667 1590 730 1634 Ea
741 1587 795 1634 ad
808 1601 1037 1648 utrumque
1049 1585 1223 1634 Canalis
1231 1590 1328 1645 Jum'
1337 1585 1442 1635 latus
1453 1585 1730 1650 porre&a‚ubi
1740 1584 1826 1648 jam
1838 1585 1990 1636 desinit

131 1634 297 1724 ἓχῗῖζῖἶζῇῗ
317 1659 362 1705 8(
374 1657 509 1704 fluvio
521 1660 631 1715 Θιιεὶ,
642 1659 898 1721 Xantungam
910 1657 1078 1723 Pekinga
1099 1656 1424 1705 disterminantis
1434 1655 1650 1722 absorptus
1660 1691 1672 1712 ,
1693 1674 1854 1704 nornen
1867 1655 1989 1705 simul

130 1732 186 1755 ‘¹¹¹-
315 1725 528 1792 aquasque
550 1727 706 1792 perdit.
751 1729 840 1774 Vix
857 1725 1053 1791 appulsos
1075 1724 1293 1774 Praefectus
1308 1760 1321 1781 ,
1349 1728 1578 1774 ‘Pinxentouo
1589 1725 1761 1791 aliisque
1772 1726 1991 1775 Mandari-

315 1799 378 1843 nis
405 1795 750 1860 praevertentibus
771 1831 783 1853 ,
816 1798 861 1844 in
884 1794 986 1843 sellis
1008 1798 1118 1844 inter
1141 1814 1213 1843 eos
1231 1797 1355 1860 juxta
1376 1797 1535 1844 moenia
1556 1794 1778 1844 considens
1801 1831 1813 1854 ‚
1847 1799 1988 1862 Lega-

315 1879 382 1912 tos
403 1868 575 1931 excepit
592 1902 604 1924 ,
637 1865 839 1930 professus
856 1902 869 1925 ,
902 1864 1166 1928 excusationem
1187 1866 1277 1913 hanc
1299 1868 1407 1931 aequis
1425 1865 1568 1913 auribus
1592 1866 1829 1912 admitterent
1850 1902 1862 1924 ‚
1894 1866 1993 1930 quod

314 1953 395 1980 cum
429 1936 584 1982 nondum
617 1937 832 2000 Magnum
867 1936 1086 1982 Chamum
1102 1934 1327 1998 salutaffivzt
1347 1972 1359 1994 ,
1394 1952 1450 1980 eos
1466 1936 1551 1981 aula
1559 1934 1636 1996 fita
1655 1938 1815 1996 excipere
1832 1970 1844 1993 ‚
1874 1953 1987 2000 neque

316 2021 465 2050 munera
485 2003 676 2050 admittere
690 2004 807 2067 posset
826 2041 841 2062 ,
877 2003 920 2049 id
951 2003 1049 2069 quod
1079 2003 1343 2050 revertentibus
1368 2004 1436 2050 illis
1464 2003 1571 2049 haud
1590 2007 1790 2069 gravatim
1818 2003 1989 2065 fidimus

317 2071 417 2136 effi’t.
514 2076 518 2084 '

385 2141 420 2186 F
422 2140 732 2205 requentissima
746 2144 938 2207 Lincingae
948 2141 1167 2207 navigatio
1175 2139 1244 2188 est.
1280 2141 1462 2207 Qlippe
1482 2141 1535 2188 ad
1554 2139 1709 2188 ostium
1728 2138 1898 2188 Canalis
1921 2143 1988 2188 Iun

316 2209 437 2257 fluvii
466 2215 562 2258 Guei
573 2247 586 2270 ,
605 2210 680 2257 ubi
694 2228 811 2276 aquae
823 2227 974 2258 eorum
985 2214 1159 2270 coeunt,
1167 2208 1252 2267 sita,
1263 2227 1395 2258 omne
1409 2212 1784 2258 mercimoniorum
1794 2211 1989 2258 navium-

318 2297 403 2344 que
420 2283 513 2327 tota
535 2280 635 2327 Sina
656 2297 787 2345 genus
807 2281 981 2344 recipit,
1000 2278 1163 2327 telonio
1174 2279 1376 2327 ditiffimo
1394 2279 1456 2326 ob
1466 2281 1775 2344 permeantium
1788 2280 1988 2344 frequen-

318 2351 444 2403 tiam,
470 2351 592 2413 quod
613 2351 634 2396 a
657 2348 788 2397 tribus
800 2348 1036 2413 publicanis
1057 2351 1255 2416 exigitur.
1292 2353 1441 2414 Atque
1456 2350 1544 2397 haec
1555 2349 1836 2396 commoditas
1848 2350 1989 2413 praeci-

319 2435 450 2482 puam
469 2420 578 2465 inter
598 2417 759 2483 reliqua
778 2416 1020 2465 octodecim
1039 2420 1225 2484 Oppida
1237 2420 1434 2466 Civitatis
1442 2418 1670 2483 Titngchang
1690 2416 1924 2465 incolarum
1935 2437 1989 2466 ae-

319 2487 526 2552 diumque
546 2485 820 2534 multitudine
839 2489 1061 2553 Lincingam
1079 2489 1190 2537 facit.
1226 2490 1470 2553 Utrumque
1481 2486 1585 2533 latus
1604 2488 1682 2533 Iuni
1699 2487 1881 2534 totidem
1902 2490 1989 2535 Ca-

319 2555 439 2604 stellis
456 2555 602 2604 validis
619 2554 852 2610 clauditur,
875 2556 1140 2621 prohibitum
1153 2594 1165 2617 ,
1184 2574 1239 2604 ne
1250 2558 1342 2623 quis
1354 2556 1512 2623 absque
1530 2557 1650 2603 venia
1667 2592 1679 2614 ,
1705 2570 1777 2604 aut
1795 2556 1988 2623 vectigali

318 2625 509 2673 transeat.
543 2627 657 2673 Duae
678 2624 847 2691 insuper
856 2626 1066 2675 catara&ae
1077 2629 1194 2693 aquis
1211 2627 1332 2674 fluvii
1348 2631 1466 2685 διιεῖ,
1485 2642 1578 2690 quae
1588 2623 1811 2673 altitudine
1822 2624 1989 2691 aliquot

320 2694 484 2758 pedum
496 2694 649 2743 Canali
661 2692 894 2761 superiores
911 2694 1027 2751 sunt,
1042 2695 1332 2744 excludendis.
1367 2697 1504 2753 Urbs,
1527 2711 1610 2759 qua
1632 2696 1811 2742 Boream
1831 2693 1988 2760 specht

322 2763 457 2810 navali
470 2779 604 2830 ponte
613 2782 771 2812 novem
783 2764 1047 2830 pontonibus
1055 2780 1263 2814 contexto
1275 2799 1289 2820 ,
1309 2769 1356 2814 &
1375 2763 1496 2813 facile
1514 2762 1764 2824 dissolubili,
1781 2763 1990 2812 transmit-

322 2833 458 2879 tendis
471 2871 482 2892 ,
503 2852 596 2899 quae
609 2833 789 2901 vectigal
801 2833 1014 2882 solverunt
1024 2835 1224 2894 navibuS,
1243 2833 1529 2899 conjungitur.
1560 2833 1634 2880 Ad
1647 2832 1989 2899 utrumquelatus

324 2918 502 2964 parvum
523 2922 578 2951 ex
602 2902 713 2950 ferro
734 2917 998 2951 tormentum
1017 2905 1364 2972 conspiciebatur.
1401 2903 1635 2968 Oppidum
1654 2902 1787 2950 densis
1799 2903 1987 2950 constru-

325 2967 438 3015 &um
458 2972 567 3018 intus
584 2973 768 3020 aedificiis
789 2974 834 3021 in
853 2972 1037 3022 sabulosa
1057 2973 1255 3039 planitie,
1275 2971 1386 3020 vallo
1403 2971 1587 3019 cin&um
1610 2972 1816 3039 triangula
1836 2971 1989 3031 forma,

321 3038 497 3085 circuitu
509 3039 595 3088 fere
605 3041 776 3101 bihorii,
784 3043 909 3106 jacet.
931 3045 1075 3110 Copia
1088 3043 1299 3094 fru&uum
1310 3043 1459 3109 ingens
1472 3078 1484 3101 ,
1500 3043 1703 3109 imprimis
1715 3059 1819 3109 pyra
1831 3039 1987 3107 sapida,

321 3123 415 3171 quae
435 3121 601 3156 aetatcm
620 3109 774 3159 ferunt.

1796 3193 1800 3197 ·
1848 3181 1986 3227 Extus
