2150 3370
423 183 496 243 acl
502 185 820 270 Magnum
835 184 1093 247 Tartariae
1111 193 1330 276 Sinaeque
1347 190 1605 272 chamum.
1767 218 1791 266 5
1801 221 1831 264 7

564 366 571 367 ν
616 330 799 388 Mims
841 329 1295 384 snio-woffssn'an.

559 398 816 441 Menum
831 414 896 440 mr.
917 402 1290 441 SANe-woN-HAB
1308 430 1315 438 .
1332 426 1334 431 =

139 1565 248 1614 quos
258 1564 360 1616 gens
368 1548 481 1595 rudis
493 1549 539 1597 ὃς
549 1545 707 1597 inculta
715 1548 820 1597 colit
831 1585 845 1610 ,
853 1565 947 1615 quae
958 1548 1128 1599 excuffo
1140 1548 1377 1598 Sinensium
1384 1549 1493 1619 jugo
1505 1552 1686 1619 propriis
1695 1556 1804 1605 vivit

138 1616 304 1685 legibus
313 1652 325 1676 ‚
347 1634 446 1664 cum
459 1620 504 1665 in
514 1620 668 1665 caeteris
679 1617 844 1666 barbari
854 1652 868 1673 2
881 1633 974 1668 turn
985 1623 1174 1669 maxime
1183 1622 1227 1667 in
1239 1621 1324 1668 hoc
1333 1657 1346 1680 ,
1357 1622 1479 1686 quod
1487 1623 1682 1688 imparati
1695 1626 1718 1672 a
1729 1642 1803 1689 pe-

136 1689 263 1734 cunia
287 1689 498 1734 continuis
522 1686 837 1735 excursionibus
863 1687 1089 1755 spoliisque
1117 1690 1254 1737 vicina
1274 1688 1472 1738 infestent
1491 1689 1597 1739 loca.
1636 1695 1804 1741 Omnia

136 1755 197 1802 ibi
208 1754 715 1820 vasta,filentiaque,nullo
725 1756 916 1806 humano
926 1757 1143 1818 cultu‚nifi
1153 1759 1274 1824 quod
1285 1759 1524 1824 Templum
1532 1759 1616 1808 five
1626 1762 1804 1829 Pagoda

136 1824 345 1872 radicibus
353 1826 458 1889 ejus,
468 1825 720 1874 admirabilis
729 1826 951 1886 structurae,
960 1828 1156 1889 adjaceat
1187 1826 1326 1875 Nullis
1335 1827 1574 1877 Idololatrae
1584 1828 1651 1877 vel
1660 1829 1802 1878 sumti-

135 1892 214 1941 bus
225 1893 288 1941 vel
302 1893 437 1941 labori
455 1908 635 1959 parcunt
653 1897 698 1942 in
715 1896 971 1944 exornandis
982 1899 1250 1945 Daemonum
1260 1896 1365 1944 fanis
1376 1933 1388 1956 ‚
1408 1897 1684 1965 Pagodisque.
1722 1901 1757 1946 F
1759 1918 1802 1947 e-

133 1978 233 2010 runt
250 1962 323 2027 (Sc
340 1962 490 2013 fabulis
512 1961 721 2026 ejusmodi
743 1964 933 2031 impense
944 1965 1230 2030 delectantur)
1251 1966 1392 2014 media
1404 1967 1531 2015 nocte
1540 1969 1804 2016 Daemonem

133 2031 252 2080 illum
266 2032 503 2081 adventasse
511 2035 554 2080 in
567 2032 635 2082 illa
647 2033 754 2093 loca,
766 2053 815 2082 ac
823 2036 943 2083 variis
953 2036 1156 2102 prodigiis
1170 2035 1414 2103 significasse
1425 2035 1636 2103 templum
1653 2035 1729 2084 fibi
1745 2054 1804 2085 eo

133 2100 234 2148 loco
245 2101 500 2151 struendum.
537 2106 579 2151 A
591 2104 811 2169 crepidine
819 2107 919 2171 ripae
930 2104 1127 2173 gradibus
1138 2106 1192 2153 ad
1205 2105 1420 2171 Pagodam
1431 2106 1714 2154 adstenditur:
1726 2105 1803 2153 ubi

134 2170 255 2219 altius
276 2170 409 2219 enisus
436 2171 563 2220 fueris
581 2175 810 2240 praecipitia
821 2177 1035 2222 montium
1048 2211 1061 2235 ‚
1077 2176 1124 2223 in
1143 2174 1329 2240 aliquam
1348 2174 1651 2223 diffianduntur
1668 2175 1804 2241 plani-

133 2239 373 2299 tiem,vastis
381 2242 574 2306 undique
581 2242 870 2308 rupibu8‚quas
879 2257 1028 2291 natura
1038 2245 1193 2309 pariter
1204 2261 1253 2291 ac
1259 2261 1321 2291 ars
1326 2243 1802 2307 produxit‚horrentem.

134 2309 336 2357 Tandem
356 2309 410 2356 ad
427 2311 645 2377 Pagodam
663 2314 906 2376 pervenitur
918 2313 1067 2359 Sinicis
1085 2310 1210 2359 literis
1222 2310 1519 2378 Symbolisque
1527 2311 1803 2377 superstitiosa

133 2378 242 2426 Idoli
256 2379 447 2443 mysteria
461 2379 798 2445 exprimentibus
808 2416 821 2439 ,
842 2379 1064 2428 artificiose
1075 2397 1164 2428 non
1177 2378 1531 2437 minusstrunstam,
1542 2398 1669 2445 quam
1679 2399 1803 2428 exor-

134 2462 288 2496 natam.
324 2447 467 2496 Multa
478 2449 580 2496 inde
588 2466 737 2497 arcana
748 2448 897 2496 incolae
911 2447 979 2497 vel
988 2449 1171 2497 credunt
1183 2447 1251 2499 vel
1262 2449 1441 2516 fingunt.
1470 2453 1533 2499 lta
1552 2450 1744 2497 inaccessi
1755 2451 1801 2498 hi

136 2517 492 2582 Zazggawonaehabict
505 2531 670 2566 montes
678 2553 693 2574 ,
713 2532 992 2584 praeterquam
1005 2518 1125 2584 quod
1144 2519 1220 2567 suo
1232 2521 1397 2579 {terrore
1408 2517 1566 2567 famam
1575 2517 1800 2582 acquisive-

135 2600 248 2644 runt,
257 2589 382 2634 etiarn
393 2587 518 2651 hujus
529 2589 691 2656 Pagodi
702 2589 833 2654 impia
851 2586 1059 2656 religione
1069 2590 1187 2654 apud
1207 2589 1323 2636 Sinas
1333 2586 1598 2637 celebrantur
1611 2623 1624 2647 ,
1637 2586 1691 2634 de
1708 2604 1799 2653 quo

137 2652 193 2700 fic
212 2653 306 2704 lusit
325 2658 456 2705 Poeta
468 2676 478 2702 z
1332 2667 1339 2672 “

411 2752 629 2799 Herculeus
648 2749 748 2799 labor
765 2751 843 2805 est,
865 2750 1029 2797 coelorum
1039 2751 1170 2818 fideret
1189 2754 1278 2809 todi,

466 2820 539 2868 Ne
557 2823 661 2867 nimis
685 2821 876 2868 Atlantem
893 2819 1055 2883 pondera
1078 2821 1188 2883 vasta
1203 2833 1387 2883 premant*

408 2885 490 2935 'Ast
511 2889 567 2935 hic
587 2887 949 2955 Zang-won-hab
969 2889 1095 2935 molem
1103 2888 1285 2952 stellantis
1306 2889 1446 2955 Olympi

476 2957 584 3004 Solus
601 2955 772 3024 inaccesso
794 2961 930 3005 vertice
944 2955 1053 3023 ftrre
1074 2958 1189 3004 valet.

136 3065 197 3113 Et
216 3079 460 3128 quanquam
474 3082 549 3129 per
560 3064 732 3114 Sinense
741 3068 960 3132 Impetum
969 3062 1320 3129 confragosorum
1331 3065 1480 3131 ingens
1489 3058 1794 3113 altissimorum·

135 3149 222 3197 que
241 3133 453 3182 montium
476 3132 709 3183 multitudo
736 3137 980 3202 reperiatur.
1022 3135 1238 3200 Praecipue
1258 3136 1304 3183 in
1321 3134 1541 3184 Provincia
1557 3137 1798 3200 Qngtung,

1089 3204 1136 3252 H
1602 3201 1797 3249 omnium
