2098 3365
365 99 432 158 ad
439 101 751 184 Magnum
768 96 1024 158 Tartariae
1039 102 1263 185 Sinaeque
1280 99 1536 178 Chamum.
1714 128 1737 171 3
1751 129 1772 165 r

172 207 383 271 Principes
402 204 525 253 urbes
545 206 735 262 OEantam,
759 206 956 268 emporio
976 203 1161 264 celebris,
1173 201 1213 266 s
1211 206 1357 253 horibon
1371 209 1415 254 8(
1429 210 1602 270 Japam,
1624 211 1773 275 pipere
1814 225 1934 273 Batauo.

104 276 264 325 divites.
303 279 407 323 Erat
417 276 544 322 etiam
557 276 753 337 Kilappa,
764 272 848 320 alio
860 275 1036 321 nomine
1048 278 1210 331 Jacatm
1222 311 1233 332 ,
1244 293 1372 338 quam
1380 278 1477 339 jure
1489 276 1587 324 belli
1600 294 1768 344 captam
1788 265 1875 347 ῗξζῖζζ
1885 268 1950 341 hg:

104 340 297 406 Cornelius
310 347 373 392 H
372 358 517 390 outman
520 378 532 398 ,
546 345 777 409 praecipuus
790 344 1071 410 navigationis
1080 343 1313 390 Orientalis
1323 345 1467 392 annor
1477 383 1488 404 ,
1500 349 1542 393 in
1556 350 1769 397 Bataviam
1784 350 1916 391 J⁸k³²s³·

102 415 412 464 transformavit
429 448 443 469 ,
466 413 622 461 aedibus
642 414 796 477 pariter
816 427 945 477 atque
966 414 1237 459 munimentis
1259 450 1270 472 ,
1300 428 1448 461 contra
1467 417 1765 481 indigenarum

101 482 365 531 excurfiones
383 485 604 531 munitam.
642 486 793 530 Secuta
811 481 900 544 ejus
920 483 964 528 in
986 481 1228 529 Primordiis
1251 481 1496 550 Anglorum
1519 485 1674 535 insidiis
1692 489 1766 536 de-

100 552 294 611 struffi0,
314 568 362 600 ut
373 553 523 600 fortior
535 551 765 618 resurgeret
790 570 800 596 ε
838 552 1001 616 quippe
1018 551 1187 598 duobus
1202 554 1500 612 munimentis,
1522 555 1706 604 Mna-itio
1721 561 1767 606 ἃ(
1787 576 1955 622 Munimen-

92 622 303 687 ,Naffizvio
317 656 330 676 ,
358 623 537 669 flumine
559 620 693 668 divisis
709 622 797 669 vim
818 638 995 668 omnem
1016 620 1185 686 repulit.
1229 624 1291 669 Ita
1314 640 1426 670 nova
1448 625 1619 671 Batavia
1642 629 1770 675 ruinis
1787 619 1953 647 ‘³3³‘³*'¹⁹³'

99 694 269 748 Jacatrae
292 691 565 757 superstrufm
580 690 650 737 sex
672 690 880 757 graduum
893 691 1129 756 decemque
1140 693 1404 738 minutorum
1418 691 1668 753 latitudine,
1689 698 1770 744 flu-

98 762 217 807 mine
238 762 281 808 in
305 761 408 808 duas
429 760 558 809 divisa
585 774 722 825 partes
742 797 753 820 ,
776 778 955 824 quarum
976 762 1117 807 minor
1138 759 1296 808 robore
1314 760 1503 827 superat,
1526 765 1572 810 &
1594 764 1772 815 castello.

84 832 255 897 xIngens
277 829 336 877 ibi
355 849 410 878 ex
430 830 638 877 confluxu
652 844 719 876 tot
732 832 954 877 nationum
973 828 1207 877 multitudo
1230 850 1238 876 :
1261 848 1360 878 nam
1377 832 1552 898 Javani,
1572 835 1775 895 Sinenses,

96 901 268 957 Batavi,
290 914 567 948 mercaturam
586 899 823 965 promiscue
834 913 1103 959 exercentes,
1122 900 1166 946 id
1185 898 1364 965 copiosis
1375 900 1563 948 claffibus
1575 903 1774 969 frequen-

97 982 202 1016 tant.
237 968 350 1018 Urbs
369 969 596 1035 splendidis
615 983 764 1016 ornata
786 969 994 1029 aedificiis,
1013 968 1315 1035 canalibusque
1325 970 1514 1029 diss'etiag
1532 990 1640 1037 quos
1653 974 1773 1022 arbo—

96 1054 158 1084 res
176 1037 309 1102 (Coros
328 1037 546 1104 appellant
560 1036 584 1103 >
602 1037 777 1104 aliaeque
788 1073 802 1093 ‚
823 1053 1081 1087 ornamento
1093 1040 1247 1104 pariter
1258 1055 1386 1105 atque
1399 1042 1634 1088 commodo
1650 1062 1772 1092 exor-

94 1121 201 1155 nant
215 1145 228 1167 ,
270 1110 417 1156 Portus
436 1108 613 1174 angusto
632 1145 646 1168 ,
676 1122 860 1174 tutoque
880 1108 998 1157 aditu
1014 1109 1287 1174 recipiendiS,
1308 1111 1636 1176 emittendisque
1656 1116 1772 1161 navi-

94 1175 186 1224 bus.
221 1176 387 1244 Insigne
399 1177 560 1245 gladius
571 1177 789 1226 laureatus
823 1178 950 1226 Sedes
959 1178 1019 1225 ibi
1030 1178 1356 1233 Gubernatoris,
1368 1180 1771 1248 haudinferioripo—

93 1246 255 1306 testate,
267 1266 396 1312 quarn
407 1250 550 1316 Reges
560 1250 761 1313 Europaei
772 1247 907 1295 solent
926 1270 939 1307 3
963 1250 1021 1296 ita
1032 1246 1111 1296 situ
1123 1247 1206 1295 loci
1218 1285 1230 1307 ,
1246 1247 1478 1313 vicinisque
1490 1249 1691 1314 poscente
1701 1289 1712 1310 ,
1722 1267 1771 1300 ut

93 1317 231 1380 major
239 1317 355 1382 apud
365 1318 568 1365 Barbaros
587 1316 817 1366 authoritas
835 1315 885 1365 sit
896 1354 908 1377 ‚
924 1335 1023 1365 cum
1040 1316 1193 1366 servilis
1203 1335 1355 1365 eorum
1368 1322 1530 1366 animus
1541 1338 1624 1385 prae
1636 1318 1771 1386 splen-

93 1384 199 1433 dore
210 1385 358 1452 sceptri
370 1387 633 1452 expavescat.
646 1390 803 1435 Senatu
813 1389 989 1454 regitur,
999 1390 1073 1453 qui
1086 1386 1419 1452 Rempublicam
1430 1392 1771 1457 commerciaque

93 1469 224 1503 curat.
268 1459 367 1504 Hoc
384 1469 514 1522 caput
531 1470 688 1504 caeterae
706 1474 783 1521 per
804 1457 971 1504 Indiam
994 1455 1134 1504 insulae
1148 1493 1160 1517 ,
1186 1455 1396 1522 urbesque
1423 1458 1656 1524 agnoscunt
1678 1479 1687 1505 ε
1711 1478 1768 1507 eo

90 1523 252 1572 summa
271 1544 410 1573 rerum
430 1526 560 1575 redit.
608 1525 722 1575 Urbs
742 1525 828 1591 ipsa
849 1525 1052 1573 tredecim
1072 1525 1316 1591 ingentibus
1333 1528 1469 1576 cinEta
1492 1530 1767 1577 munimentis

91 1611 270 1641 omnem
289 1597 638 1662 oppugnantium
660 1597 747 1642 vim
767 1594 908 1641 secura
929 1595 1098 1660 spernit.
1134 1595 1266 1642 Haud
1286 1594 1413 1643 semel
1433 1599 1584 1665 Javani
1603 1613 1768 1647 tentare

88 1661 175 1710 ausi
186 1689 200 1720 3
223 1681 322 1723 una,
333 1683 470 1730 eaque
482 1663 763 1724 memorabili,
771 1662 995 1712 obsidione
1005 1668 1142 1712 Anno
1150 1662 1309 1711 Christi
1317 1665 1540 1713 millefirno
1549 1665 1768 1716 sexcente-

88 1730 196 1778 fimo
209 1732 413 1798 vigesimo
425 1752 544 1781 novo
555 1771 567 1794 ,
578 1751 789 1799 quantum
801 1734 967 1798 possent
980 1769 993 1792 ,
1008 1733 1295 1782 ostenderunt.
1336 1735 1474 1782 Causa
1485 1734 1584 1782 belli
1594 1735 1701 1784 illius
1711 1755 1767 1785 ex

90 1803 248 1848 mutuis
259 1803 441 1863 damnis,
462 1821 561 1851 cum
581 1806 733 1872 Javani
753 1803 977 1869 pastorum
997 1805 1268 1851 immemores
1292 1800 1451 1852 telonia
1472 1806 1766 1866 intenderent,

88 1872 235 1918 Batavi
257 1887 405 1920 contra
422 1875 508 1920 vim
528 1872 869 1939 protestarentur.
903 1871 1182 1920 Accesserunt
1202 1875 1248 1920 &
1268 1871 1345 1920 alia
1357 1878 1767 1941 exterorum,praeci-

87 1957 174 2003 pue
186 1942 487 1990 Britannorum
498 1942 768 1991 turbamenta
779 1979 792 2002 ,
808 1944 883 2009 qui
894 1942 1035 2008 spreto
1046 1945 1304 1994 Batavorum
1316 1941 1467 1991 faedere
1488 1962 1651 1992 novum
1665 1963 1767 1993 cum

86 2011 211 2077 Rege
227 2011 451 2080 Jalzatrenfi
467 2012 635 2062 inibant
653 2049 665 2071 ‚
695 2011 921 2061 Hollandis
942 2011 1004 2059 ob
1025 2014 1177 2061 virium
1200 2014 1483 2077 imparitatem
1501 2013 1600 2080 post
1617 2015 1766 2063 navale

85 2079 279 2143 praelium
300 2099 400 2130 curn
420 2082 573 2151 Anglis
596 2083 862 2130 commissum
884 2118 897 2141 ,
931 2082 1145 2132 Amboinam
1165 2082 1418 2130 cedentibus
1437 2118 1449 2139 ‚
1478 2084 1636 2132 obsessa
1657 2088 1764 2132 inte-

84 2151 165 2195 rim
176 2167 269 2196 arce
280 2168 429 2200 eorum
451 2154 474 2199 a
493 2157 616 2220 Rege
627 2153 859 2219 Jakatrenfi.
894 2154 946 2197 In
962 2154 1026 2198 M
1019 2153 1148 2199 oluccis
1160 2152 1373 2200 commeta
1385 2153 1627 2202 ofiiodecim
1643 2153 1764 2202 classe

85 2220 261 2265 navium
276 2256 290 2278 ,
311 2221 610 2282 Jakatrenfibus,
624 2220 777 2286 quibus
792 2219 1040 2286 Anglorum
1062 2222 1257 2286 quaedam
1276 2224 1392 2269 navis
1404 2224 1560 2286 jun&ae
1580 2221 1763 2277 fuerant,

85 2289 345 2335 adventante
357 2308 412 2336 ex
428 2291 599 2337 Batavia
609 2308 708 2336 cum
722 2289 963 2337 recentibus
978 2288 1095 2336 mille
1105 2291 1450 2338 &trecentorum
1464 2294 1652 2339 virorum
1667 2291 1760 2339 sub-

84 2355 193 2403 sidiis
216 2357 385 2415 Johanne
400 2360 515 2406 {Petro
528 2358 642 2420 Koen
653 2395 666 2418 ,
685 2357 910 2406 obfidione
922 2356 1046 2423 pulsis
1055 2392 1069 2413 ,
1090 2358 1222 2423 ipsam
1240 2359 1467 2407 viiioribus
1479 2360 1628 2408 urbem
1641 2361 1758 2409 flam-

85 2428 220 2487 mis&
232 2442 405 2493 gentem
416 2428 544 2484 ferro,
555 2427 785 2477 infantibus
793 2429 1000 2492 exceptiS,
1022 2429 1068 2475 8(
1085 2426 1361 2475 foeminarum
1379 2429 1504 2485 sexu,
1531 2430 1758 2478 delendam

85 2496 374 2559 permiserunt.
412 2502 473 2545 lta
490 2498 659 2556 Jaltatm
681 2500 806 2564 periit
823 2499 869 2545 8(
891 2498 1069 2544 Bataviae
1079 2514 1202 2545 novae
1224 2497 1355 2546 ceffit.
1379 2506 1546 2566 Mrgnus
1560 2507 1757 2548 Matamm
1778 2517 1905 2563 nataxsiae

88 2563 168 2628 (ita
184 2564 389 2613 Caesarem
401 2565 520 2615 suurn
532 2568 683 2635 Javani
703 2584 855 2615 vocare
872 2566 1180 2631 perhibentur)
1200 2567 1453 2616 crescentem
1474 2569 1614 2616 Indies
1635 2586 1757 2618 novae
1777 2556 1899 2588 obfirho.

87 2632 199 2679 urbis
221 2639 459 2699 potentiam
483 2639 597 2705 aegris
618 2635 749 2683 oculis
768 2635 1021 2701 adspiciens,
1038 2636 1294 2703 conquestus
1316 2639 1428 2686 varia
1446 2674 1459 2697 ,
1478 2640 1642 2706 ingenti
1662 2658 1757 2688 eam

90 2704 277 2750 exercitu
302 2704 492 2767 obsedit,
526 2724 615 2754 non
636 2721 723 2754 tam
745 2705 816 2771 spe
837 2706 1141 2771 expugnandi,
1159 2726 1288 2773 quam
1312 2706 1431 2772 quod
1454 2726 1612 2773 paucos
1630 2724 1756 2758 tantae

91 2769 351 2820 multitudini
366 2811 378 2834 ,
397 2774 632 2844 longinqua
644 2774 898 2823 auxiliorum
911 2793 966 2822 ex
977 2778 1110 2841 patria
1121 2776 1193 2842 spe
1206 2775 1271 2823 vel
1282 2775 1602 2841 expettatione,
1622 2780 1753 2827 ceffu-

91 2857 159 2885 ros
170 2838 446 2891 arbitraretur.
477 2849 627 2893 Praeter
648 2848 735 2893 vim
755 2843 965 2909 (maxima
987 2847 1147 2912 ingruit
1167 2845 1372 2910 vigefimo
1396 2846 1600 2895 O&obris
1619 2854 1755 2900 Anno

91 2906 310 2954 millefimo
329 2910 629 2963 sexcentesimo
645 2914 852 2982 vigesimo
873 2911 1029 2977 nono)
1049 2913 1229 2980 urgebat
1240 2918 1389 2982 ingens
1402 2935 1456 2964 ex
1468 2917 1682 2967 submersis
1700 2919 1756 2966 se-

91 2977 238 3024 cundo
248 2977 426 3030 flumine
439 2985 712 3033 cadaveribus
724 3022 736 3044 ,
754 2981 1046 3048 radicibusque
1057 3019 1069 3041 ,
1083 2982 1238 3048 quibus
1259 2984 1426 3033 Barbari
1439 3005 1518 3052 pro
1534 2988 1634 3034 cibo
1646 3006 1756 3051 aqua

88 3049 305 3095 maceratis
325 3062 526 3114 utuntur,
546 3073 593 3103 ac
601 3074 656 3103 ne
677 3059 863 3104 Oceano
878 3050 1226 3110 absorberentur,
1245 3054 1363 3121 palos
1382 3053 1549 3104 flumini
1568 3060 1759 3123 impexc-

1642 3142 1734 3174 [ant
1751 3150 1765 3184 3
