2114 3412
1711 177 1797 223 133

1695 258 1739 267 „br
1749 251 1832 266 --hu

111 1517 331 1575 montibus
341 1517 520 1576 arbores,
528 1530 577 1566 ut
591 1519 690 1566 &in
703 1519 923 1567 Provincia
935 1522 1103 1578 Jmmam
1114 1522 1160 1569 &
1172 1523 1350 1588 Kz'angsi,
1358 1540 1535 1587 quarum
1548 1523 1662 1590 ligna
1674 1529 1781 1575 inter

112 1587 374 1653 pretiosiores
393 1606 548 1636 merces
568 1590 721 1636 merito
729 1592 1023 1638 connumerari
1040 1591 1210 1655 possunt
1223 1614 1236 1652 5
1258 1593 1468 1657 Aquilinum
1488 1631 1500 1652 ,
1519 1596 1563 1642 S<
1584 1591 1781 1656 Calmnba-

111 1677 197 1704 num
209 1657 341 1724 vulgo
351 1658 525 1718 ἀὶᾶιιῐῐι,
535 1677 629 1724 quae
640 1672 776 1713 aetate,
788 1677 877 1707 non
890 1658 1028 1726 specie
1039 1660 1274 1727 discrepant
1286 1696 1300 1716 2
1312 1662 1416 1710 dum
1427 1663 1566 1711 adhuc
1575 1679 1784 1725 tenerum,

112 1729 158 1775 &
172 1729 215 1775 in
228 1729 381 1776 florida
392 1742 512 1775 aetate
520 1765 532 1788 ,
556 1730 782 1794 Aquilhzurn,
792 1730 898 1777 dum
908 1730 1062 1778 annosa
1073 1733 1117 1779 8<
1130 1733 1335 1779 maturior
1345 1733 1483 1780 evadit
1494 1770 1506 1792 ,
1527 1730 1782 1795 salmnbinmn

112 1798 280 1846 dicitur.
316 1796 420 1860 Ejus
430 1800 614 1864 pretium
626 1800 669 1845 in
682 1798 839 1859 odore,
855 1798 975 1860 licet,
998 1799 1103 1848 dum
1115 1818 1258 1849 recens
1278 1819 1366 1849 non
1378 1803 1488 1850 adeo
1499 1802 1655 1851 fortem
1673 1803 1780 1870 spar-

113 1881 200 1934 gat,
210 1882 258 1915 ut
268 1881 389 1916 aetate
399 1867 650 1934 provestior.
690 1869 876 1930 Calamba,
885 1871 1004 1935 cujus
1014 1872 1158 1919 odoris
1167 1872 1372 1937 fragantia
1385 1875 1457 1920 vix
1468 1872 1629 1920 suavius
1639 1874 1781 1935 datur,

111 1954 166 1983 eo
177 1938 296 2004 quod
308 1940 350 1985 in
363 1936 502 1985 multis
511 1938 759 1986 internodiis
770 1975 782 1998 ,
801 1957 900 1986 cum
916 1938 1005 2001 jam
1021 1939 1276 2000 adoleverit,
1294 1944 1354 1988 vis
1363 1942 1561 1990 ofinctica
1572 1944 1784 1991 efficacior

111 2005 174 2061 sit,
186 2025 275 2055 non
287 2010 390 2055 item
402 2009 445 2055 in
459 2006 619 2073 Aquila
630 2045 642 2068 ,
662 2007 722 2055 ob
732 2008 994 2057 humiditatis
1012 2010 1197 2057 necdum
1213 2009 1326 2058 bene
1337 2012 1567 2077 c01npac‘iae
1579 2050 1591 2071 ,
1604 2030 1651 2059 ac
1662 2014 1784 2062 facile

112 2076 341 2124 resolubilis
350 2077 670 2125 abundantiam.
706 2080 792 2126 Hic
803 2079 949 2144 paffim
962 2081 1005 2127 in
1019 2082 1117 2127 Sina
1130 2098 1289 2147 magno
1300 2083 1440 2146 pretio
1451 2082 1649 2130 venditur
1658 2119 1669 2141 ,
1688 2099 1730 2131 at
1742 2087 1785 2132 in

112 2147 234 2195 India
246 2145 451 2212 centuplo
463 2145 581 2195 lucro
589 2146 830 2196 distrahitur
841 2186 853 2208 ,
874 2148 1098 2215 praesertim
1110 2150 1401 2197 ssmchmanilms
1411 2185 1424 2205 ,
1444 2153 1517 2216 qui
1530 2170 1634 2216 pyra
1644 2172 1699 2200 ex
1711 2153 1784 2199 illo

115 2215 319 2264 exstrufia
331 2218 374 2263 in
386 2233 541 2282 magna
548 2215 806 2264 solennitatis
816 2219 886 2265 die
895 2255 907 2278 ,
918 2236 1008 2284 quo
1020 2220 1209 2267 foeminae
1222 2219 1289 2268 vel
1301 2218 1340 2267 se
1352 2218 1454 2284 ipsas
1463 2220 1523 2266 ob
1537 2223 1784 2269 maritorum

116 2304 304 2333 amorem
315 2286 515 2333 incendio
525 2285 770 2332 consecrant
783 2323 795 2345 2
804 2300 876 2334 aut
889 2305 1140 2352 magnorum
1154 2291 1401 2335 meritorum
1414 2291 1600 2335 virorum
1611 2292 1786 2339 cadave-

115 2374 158 2402 ra
168 2353 691 2422 comburuntur,singulari
705 2356 863 2402 rituum
873 2355 1093 2403 insolentia
1106 2371 1283 2403 utuntur
1294 2393 1305 2413 ,
1325 2375 1423 2404 nam
1437 2357 1585 2405 stolide
1593 2361 1788 2419 credunt,

116 2424 315 2471 Deastros
327 2424 419 2471 suos
428 2423 670 2488 hujusmodi
682 2423 886 2471 odoribus
896 2424 1170 2472 vehementer
1179 2425 1390 2485 delectari,
1399 2427 1701 2493 animabulilue
1714 2430 1784 2477 de-

116 2494 361 2542 functorum
380 2495 422 2540 in
442 2493 807 2560 tranfinigratione
829 2496 1037 2559 propitios
1058 2494 1159 2541 fieri.

187 2567 351 2618 Qiartfi
371 2562 473 2629 Julii
492 2562 691 2611 oetavum
714 2564 911 2610 Civitatis
928 2564 1081 2613 HokieJJ
1107 2564 1340 2629 Oppidum
1356 2603 1368 2624 ,
1388 2567 1555 2631 triginta
1573 2567 1608 2627 ly
1628 2567 1650 2612 zi
1671 2569 1786 2617 Sinluf
1805 2570 1948 2643 345ka1¹11

119 2635 214 2689 den,
232 2635 462 2698 Oppidum
493 2636 518 2679 S
535 2635 607 2679 ΙΝ
623 2632 663 2678 Κ
678 2636 725 2679 Ο
739 2634 781 2678 C
795 2636 809 2677 l
825 2636 862 2679 E
875 2635 919 2679 N
949 2632 1072 2680 celeri
1093 2635 1265 2701 navigio
1284 2635 1541 2700 praetcrvec‘ti
1562 2671 1573 2693 ‚
1607 2654 1785 2700 parvum
1806 2625 1868 2686 ci}
1880 2625 1948 2685 ἔθ’

121 2702 295 2764 quidem
317 2736 330 2756 ‚
358 2701 429 2749 sed
450 2700 616 2768 elegans
643 2700 848 2766 variisque
874 2703 999 2766 juxta
1021 2702 1338 2768 propugnacula
1363 2704 1535 2767 speculis
1556 2707 1781 2753 munitum.

121 2771 208 2815 Res
227 2771 334 2816 inter
354 2771 645 2839 navigandum
664 2771 948 2830 amaeniffima‚
968 2774 1154 2838 integros
1173 2772 1277 2838 saepe
1298 2773 1440 2819 videre
1462 2771 1572 2819 lacus
1590 2774 1782 2836 floridos,

122 2855 210 2883 non
230 2837 486 2901 ss'lvestribus
505 2840 601 2894 illis,
620 2842 883 2904 minimeque
892 2840 1127 2906 frugiferis,
1148 2840 1216 2887 sed
1239 2841 1475 2888 domesticis
1486 2844 1640 2907 pariter
1649 2862 1698 2890 ac
1709 2846 1786 2892 lio-

121 2908 284 2953 minum
301 2908 492 2956 manibus
504 2910 612 2969 (atis,
632 2927 817 2975 quorum
832 2909 992 2957 cultura
1004 2908 1171 2976 singulis
1185 2913 1301 2956 annis
1312 2917 1515 2958 renovata
1527 2910 1666 2959 semen
1680 2915 1787 2961 intra

121 2975 223 3041 ipfiis
235 2976 456 3039 projicitur
467 2996 607 3042 aquaS,
620 2981 817 3044 quinimo
830 2981 873 3026 in
884 2980 1014 3027 hortis
1024 2997 1071 3025 ac
1083 2978 1302 3037 viridariis,
1313 2982 1413 3027 &in
1426 2979 1518 3044 ipsis
1531 2982 1785 3030 Palatiorum

120 3046 230 3091 atriis
244 3045 350 3091 intra
371 3044 463 3092 vasa
476 3046 651 3094 testacea
661 3083 673 3104 ,
691 3046 795 3095 limo
808 3052 853 3096 &
870 3066 978 3113 aqua
990 3046 1168 3112 repleta,
1186 3051 1408 3115 Magnates
1419 3048 1585 3097 illorum
1597 3066 1682 3099 tam
1696 3051 1786 3117 pul-

119 3113 359 3162 chritudine
372 3126 464 3161 tum
479 3119 713 3164 amaenitate
726 3115 857 3166 alleffi
874 3154 885 3177 2
906 3116 1129 3175 excolunt,
1148 3134 1195 3163 ac
1207 3118 1401 3166 educant.
1439 3121 1613 3167 Domus
1624 3124 1788 3187 exiguae

1080 3188 1121 3233 R
1156 3204 1179 3250 3
1742 3206 1788 3234 ac
