2114 3412
308 117 380 164 26
660 104 803 161 Part
822 96 991 157 ultima
1012 96 1299 181 Legationis
1321 98 1585 157 Patavicae

307 222 410 271 pam,
424 202 605 269 appulit.
640 204 723 249 Hic
736 201 857 249 nudo
868 218 1072 266 corpor,e
1094 203 1196 247 utin
1215 217 1356 260 leone,
1372 218 1436 265 pl
1425 213 1523 247 atter
1532 198 1829 249 verecunda&
1844 218 1966 254 renes

310 273 638 323 concutiebatur
659 271 771 319 haud
788 271 902 319 seeus
923 289 971 317 ac
992 272 1210 319 daemonio
1229 285 1435 336 agei-‚etur
1480 271 1541 318 Ut
1557 268 1787 317 terribilior
1802 271 1965 321 videre-

313 360 407 403 tur,
433 341 542 408 stylo
556 341 696 389 ferreo
711 341 957 407 perforabat
975 359 1124 408 genas,
1142 355 1228 389 tam
1243 338 1422 386 horrido
1437 338 1632 405 alpefftu,
1658 358 1707 387 ac
1725 338 1756 386 fi
1770 340 1966 391 diabolus

311 383 446 461 oculis
463 411 589 477 ipsius
604 430 686 477 pro
701 411 946 477 perspicillo
962 425 1164 461 uteretur.
1203 411 1556 458 Praeterealecum
1570 410 1734 457 ferebat
1743 408 1868 459 binos
1877 413 1970 461 cul-

311 497 399 530 tros
415 482 853 547 concisori08,quibus
865 481 1139 529 vehementer
1150 479 1329 528 subinde
1338 477 1415 526 fibi
1437 480 1622 526 invicem
1641 479 1762 527 allisis
1777 518 1790 540 ,
1814 480 1969 531 lethale

312 553 490 612 vulnus,
505 554 595 599 imo
611 553 943 618 praesentaneum
953 551 1030 599 sibi
1053 547 1379 616 ipsiintentabat
1399 564 1606 606 mortem,
1623 551 1666 595 ni
1682 565 1861 616 argento
1878 551 1970 617 pla-

238 679 241 682 ,
311 636 487 672 caretur.
525 623 638 669 Huic
655 621 799 669 aderat
813 622 1012 669 Sacerdos
1042 623 1226 680 Sinicus,
1244 618 1413 666 album
1406 637 1448 664 in
1469 636 1598 666 manu
1611 633 1779 679 tenens,
1800 620 1972 686 inquo,

312 690 799 759 praemissaelemolyna,
822 710 982 739 nomen
1001 689 1224 737 inleribere
1246 688 1422 738 licitum
1460 690 1630 754 Legatis
1650 688 1722 735 has
1741 707 1871 756 nugas
1888 690 1972 739 rilu

262 792 264 794 v
313 760 674 827 explodentibus,
697 762 862 808 Tartari
875 775 1034 808 tantam
1049 759 1291 824 deipeiator
1294 776 1367 805 um
1378 760 1594 805 insaniam
1589 761 1708 825 aegris
1725 759 1973 824 aspicientes

173 2395 280 2426 Sint-n-

170 2436 242 2469 [ψη]
253 2436 306 2466 liu-

171 2486 264 2507 mamt
269 2487 309 2507 as

176 2847 250 2878 Mos
262 2846 304 2876 sa-

175 2887 299 2919 lutandi.

174 3024 309 3056 Vifitan-

175 3065 215 3096 di.

315 830 452 879 oeulis
467 831 602 880 multa
613 832 659 878 iis
672 843 741 890 ,ut
752 831 1004 895 prosperum
1014 832 1092 876 iter
1104 830 1393 895 impetrarent,
1411 827 1712 894 largiebantur,
1721 827 1871 875 nostris
1887 827 1974 877 sto-

316 899 524 948 liditatem
535 899 1026 979 ridentibus3Daemonis
1029 897 1184 947 affeclis
1200 936 1213 958 ,
1234 897 1350 946 nulla
1361 898 1469 964 stipe
1479 897 1576 945 data
1591 935 1604 957 ‚
1636 897 1819 974 longum
1834 897 1975 948 valere

317 967 444 1030 juffis
449 973 556 1018 Sunt
570 971 788 1034 etiam,qui
804 969 921 1017 collo
931 971 1199 1036 peringentis
1208 967 1292 1015 faxi
1311 967 1504 1015 foramen
1516 966 1748 1015 transmisso
1758 985 1851 1030 ejus
1861 985 1975 1033 pon-

320 1038 421 1087 dere
436 1053 580 1087 totum
596 1058 753 1104 corpus
763 1053 990 1104 premunt
1015 1038 1085 1086 alii
1108 1039 1231 1104 super
1250 1040 1441 1085 cranium
1459 1036 1699 1103 suflumigia
1718 1038 1978 1098 incendunt,

319 1127 507 1173 quorum
531 1111 752 1157 teterrimo
771 1108 908 1156 odore
931 1106 1243 1157 circumstantes
1262 1110 1434 1174 fugant,
1449 1106 1515 1155 vel
1536 1106 1701 1155 loculos
1722 1123 1974 1186 emungunt.

319 1177 533 1226 Videntur
548 1196 768 1225 coecorum
783 1179 932 1243 paffim
947 1175 1092 1226 crebra
1112 1179 1309 1225 examina
1335 1178 1381 1224 &
1404 1175 1521 1224 densi
1538 1179 1687 1236 cunei,
1701 1179 1800 1242 qui,
1834 1177 1978 1225 nescio

319 1247 454 1314 quid,
490 1247 648 1295 interle
660 1248 947 1314 muginantes,
966 1246 1169 1314 pectus&
1189 1261 1360 1314 tergum
1371 1246 1533 1293 scuticis
1554 1246 1664 1294 adeo
1682 1245 1980 1294 immisericor-

320 1319 431 1365 diter
448 1317 618 1364 caedunt
636 1355 648 1377 ,
683 1330 731 1363 ut
749 1321 887 1382 grumi
911 1318 1122 1383 sanguinis
1141 1318 1289 1382 passim
1312 1316 1526 1364 decidant.
1570 1317 1643 1363 De
1661 1316 1750 1364 aliis
1769 1315 1980 1381 opificiis,

320 1388 440 1435 velut
451 1386 690 1451 porcellana
699 1385 959 1434 conficiendi
970 1425 983 1447 ,
1005 1385 1097 1432 vasa
1113 1387 1158 1432 &
1169 1385 1285 1433 cistas
1298 1386 1410 1434 lacca
1426 1385 1656 1433 inducendi
1671 1425 1685 1446 ‚
1718 1387 1918 1445 textoria,
1931 1389 1980 1436 8(

319 1458 423 1515 aliis,
437 1473 551 1502 nunc
562 1454 667 1502 nihil
683 1455 871 1503 dicemus
882 1494 895 1516 ,
905 1458 1112 1533 quoniam
1122 1454 1185 1502 id
1176 1473 1261 1517 Jam
1269 1474 1321 1521 pi
1324 1458 1406 1503 ima
1417 1472 1491 1519 pai
1494 1470 1536 1502 te
1546 1454 1717 1515 facium,
1727 1455 1773 1502 8(
1783 1472 1846 1502 res
1856 1456 1980 1503 nimis

324 1524 493 1592 prolixi
513 1525 666 1572 laboris
685 1523 810 1574 forfflet
860 1528 906 1572 In
929 1525 1172 1572 universum
1195 1524 1508 1573 observandum
1543 1523 1718 1590 opificia
1742 1524 1983 1575 Sinensium

324 1593 561 1642 admodum
571 1592 818 1661 imperfdia
831 1594 926 1655 effe,
936 1595 982 1641 &
996 1594 1049 1642 ad
1061 1594 1209 1643 fucum
1218 1588 1389 1662 potius,
1378 1612 1425 1641 ac
1437 1593 1890 1660 deceptionem,quam
1899 1594 1983 1645 sin·-

326 1665 546 1712 ceritatem
561 1662 800 1730 composta
815 1702 828 1725 ,
842 1666 943 1730 quia
961 1664 1035 1712 vili
1054 1665 1191 1713 diario
1207 1667 1444 1726 contentis„
1474 1664 1765 1727 Mechanicis,
1783 1682 1807 1712 a
1821 1681 1983 1716 merca·

328 1733 494 1783 toribus
510 1737 673 1801 exiguo
688 1735 830 1800 pretio
849 1748 1177 1801 extorquentur.

567 2005 993 2085 CAPUT
1095 2008 1750 2098 QJARTuM.

346 2171 473 2247 De
532 2169 1132 2251 MORJBUS
1196 2171 1985 2276 SINENSJUM.

342 2363 498 2527 ἓξ
514 2363 714 2412 Inens'es
704 2383 788 2427 jam
814 2367 834 2413 a
851 2365 989 2434 prisco
1004 2385 1098 2414 aevo
1117 2367 1365 2415 civilitatem
1382 2369 1574 2432 quinque
1600 2371 1804 2434 primariis
1822 2371 1991 2418 virtuti*¹

516 2435 595 2480 bus
612 2387 898 2498 accensentes,
913 2435 1179 2496 nihilmajori
1195 2436 1361 2497 studio,
1391 2455 1519 2502 quam
1530 2453 1694 2485 mutuas
1709 2438 1824 2486 illas
1815 2456 1859 2485 m
1882 2437 1992 2487 salu-

472 2495 674 2562 ³⁸,tando
694 2505 739 2550 8(
752 2505 918 2554 honore
934 2507 1021 2553 exl
1025 2505 1187 2553 ibendo
1202 2508 1450 2554 cerimonias
1467 2507 1694 2565 excolunt,
1707 2519 1844 2555 totam
1858 2509 1991 2556 vitam

338 2573 400 2621 illi
416 2575 590 2621 vanitati
624 2539 921 2640 impendentes
945 2593 1222 2622 communem
1247 2578 1469 2623 Honorem
1492 2575 1580 2623 aliis
1601 2543 1868 2637 exhibituri,
1900 2596 1992 2626 non

339 2657 389 2690 ut
405 2644 623 2709 Europaei,
637 2658 767 2709 capnt
783 2647 978 2710 aperiunt
990 2683 1002 2704 ,
1020 2659 1093 2691 aut
1105 2643 1288 2710 pedibus
1304 2646 1441 2693 solum
1451 2644 1606 2692 radunt
1621 2684 1636 2705 ,
1660 2659 1734 2693 aut
1742 2648 1992 2711 amplexan-

339 2727 421 2772 tur,
437 2713 503 2761 vel
520 2730 667 2760 manus
683 2712 950 2774 osculantur,
973 2715 1043 2761 led
1060 2731 1206 2762 manus
1219 2752 1231 2774 ,
1246 2732 1348 2780 quas
1366 2716 1528 2780 semper
1542 2715 1664 2780 largis
1678 2717 1850 2763 manicis
1866 2719 1992 2764 invo-

340 2783 447 2829 lutas
462 2782 639 2849 gestant,
654 2782 775 2830 simul
792 2802 891 2831 cum
906 2786 1078 2831 manicis
1088 2784 1261 2831 'elevant
1274 2823 1286 2842 ‚
1305 2786 1350 2830 &
1368 2786 1520 2831 iterum
1535 2784 1727 2832 modeste
1738 2785 1992 2844 demittunt,

343 2869 496 2900 vocem
512 2856 576 2901 Cin
590 2851 712 2918 (quae
723 2854 826 2901 nihil
845 2853 1075 2921 significat,
1098 2853 1168 2902 sed
1185 2868 1351 2901 tantum
1362 2854 1404 2900 in
1420 2853 1639 2901 salutando
1654 2854 1907 2917 adhibetur)
1929 2856 1993 2901 bis
2052 2874 2054 2876 ·

344 2924 664 2985 mgeminantCS.

332 2991 340 2995 ”
413 2990 536 3036 Dum
552 2991 592 3037 se
608 2994 792 3039 invicem
804 2993 986 3053 visitant,
996 3006 1070 3040 aut
1086 2996 1128 3040 in
1146 2991 1293 3058 plateis
1310 2990 1489 3038 obviant
1503 3004 1622 3051 ,toto
1642 3011 1824 3059 corpore
1835 2991 1994 3057 (mani-

345 3059 426 3105 bus
438 3060 546 3108 intra
559 3063 738 3109 manicas
753 3061 932 3129 junctis)
947 3064 993 3110 &
1004 3065 1145 3129 capite
1162 3076 1224 3110 ter
1241 3059 1281 3108 se
1294 3059 1497 3108 inclinant
1507 3100 1523 3122 ,
1541 3063 1662 3126 quod
1677 3070 1730 3112 Z
1731 3083 1792 3124 oye
1804 3075 1991 3110 vocatur.

1845 3132 1995 3179 Minor
2062 3127 2065 3131 ’
