2050 3412
337 162 404 222 ad
419 164 733 244 &Magnum
751 155 1009 222 Tartariae
1026 166 1250 247 Sinaeque
1273 163 1518 225 Chmnumss
1647 186 1670 224 1
1685 188 1707 233 3
1724 191 1757 237 7

110 270 211 316 titus
224 268 327 323 fuit,
340 271 472 334 Prout
485 270 553 314 M.
566 269 708 315 Paulm
722 271 893 316 Venetus
904 305 916 326 ,
938 271 1011 333 qui
1038 268 1124 331 ipse
1140 267 1238 314 huic
1254 269 1524 332 expeditioni
1538 268 1730 316 interfuit
1745 308 1760 330 ,

108 338 280 405 prolixe
291 336 401 384 libro
417 335 603 383 stcundo
619 351 936 386 commemorat.
976 335 1211 384 Sinenfimu
1223 339 1457 401 Imperator
1473 337 1527 383 ab
1543 356 1597 385 eo
1610 341 1758 404 Facfur

110 408 266 454 dicitur
282 405 392 452 libro
409 404 594 453 (caindo
612 424 655 453 ca
661 408 749 471 pite
760 404 1080 471 quadragefimo
1092 408 1231 464 tertio,
1248 406 1368 469 quod
1379 424 1536 453 nomen
1555 425 1642 453 non
1653 425 1757 472 pro-

109 478 250 541 prium
265 478 308 521 &
325 474 644 538 personale,sed
665 491 893 522 commune
909 474 967 520 est
989 494 998 520 ε
1019 492 1166 521 omnes
1186 477 1299 521 enim
1314 477 1450 539 Reges
1472 476 1705 524 Sinensium
1731 479 1755 524 ἱι

109 545 293 592 Tartaris
305 544 348 588 δέ
366 546 574 590 Saracenis
587 548 734 607 Facs'ur
755 544 966 603 dicuntur,
990 558 1037 590 ut
1052 545 1188 605 Cofroae
1201 543 1413 590 Persarum
1428 581 1439 602 ,
1457 545 1668 592 Pharaones
1681 548 1752 592 AE-

109 615 373 680 gyptiorum.
409 615 490 660 Hic
506 616 653 676 Fac'fur
667 614 885 678 desperans
897 612 951 658 de
969 613 1259 659 conservando
1283 629 1415 676 regno
1434 626 1580 658 contra
1600 628 1754 677 poten-

112 685 215 730 tiam
230 685 275 729 &
292 683 500 745 impetum
513 684 803 742 Tartarorum,
817 699 914 729 cum
930 681 1232 729 millenavibus
1249 680 1299 727 ad
1317 680 1464 727 insulas
1482 681 1682 745 quasdam
1694 685 1757 730 in-

114 751 423 817 expugnabiles
441 751 664 818 confugit,
697 750 801 799 urbe
825 755 981 817 Qinfai
1000 752 1125 798 uxori
1150 768 1248 798 cum
1273 748 1414 796 valido
1433 749 1757 813 praesidiocom-

111 820 328 879 mendara,
353 838 446 884 quac
470 838 575 869 mox
594 823 722 888 Bajcm
737 823 894 885 Chinscm
912 823 1027 867 Duci
1053 822 1330 867 Tartarorum
1342 818 1609 867 deditionem
1624 819 1723 867 fecit
1742 841 1751 867 :

110 891 199 955 iple
213 903 355 936 autem
371 890 519 953 Facfur
535 893 577 938 in
589 892 726 938 inl'ulis
742 892 836 948 illis,
849 890 900 938 ad
918 908 1018 956 quas
1035 888 1306 955 confugerat,
1321 887 1534 952 reliquum
1545 890 1759 937 vitazexul.

111 962 156 1007 &
191 961 358 1006 ExRex
389 959 584 1027 transegit
604 996 616 1019 ,
657 960 759 1008 teste
795 966 943 1009 Veneto
972 960 1060 1007 libro
1075 960 1240 1020 serundo
1260 995 1272 1016 ,
1304 960 1424 1020 capite
1457 961 1754 1026 quinquagesimo

108 1043 252 1095 quarto,

175 1102 360 1163 Magnus
380 1098 657 1145 Tartarorum
672 1098 812 1145 Cham
832 1099 913 1144 Κυ
928 1117 949 1143 B
966 1116 987 1143 L
1003 1115 1024 1143 Α
1042 1115 1054 1142 1
1076 1110 1173 1143 toto
1197 1097 1382 1161 Imperio
1404 1096 1728 1163 Sinicopotitus
1743 1134 1756 1156 ‚

108 1172 241 1217 Anno
253 1165 474 1214 millesimo
485 1166 775 1215 ducentefimo
784 1166 1092 1232 septuagefimo
1103 1165 1256 1212 ostavo
1268 1183 1425 1211 novam
1438 1167 1758 1231 Imperatoriam

107 1236 325 1294 familiam,
338 1253 431 1299 quae
449 1241 478 1282 I
479 1250 575 1283 vena
585 1235 707 1293 difra,
717 1236 909 1284 instituit.
944 1239 1118 1283 Novem
1128 1237 1403 1298 Imperatores
1414 1235 1457 1278 T
1460 1237 1641 1281 artaricae
1654 1236 1757 1280 Ori-

106 1307 216 1370 ginis
232 1308 274 1352 in
295 1305 392 1352 Sina
412 1323 489 1369 per
508 1306 739 1369 nonaginta
760 1324 892 1352 annos
906 1318 1157 1370 regnarunt,
1179 1321 1365 1368 quorum
1390 1305 1549 1367 primus
1567 1303 1758 1365 fuitch-

109 1377 186 1422 blas·
213 1414 224 1434 ,
258 1374 332 1441 qui
367 1374 604 1421 admodum
629 1375 703 1421 diu
728 1377 955 1439 Imperium
979 1374 1123 1421 ¹tenuit
1150 1409 1161 1431 ,
1203 1374 1334 1437 usque
1361 1371 1413 1418 ad
1457 1376 1631 1433 Annum
1661 1373 1756 1419 mil-

109 1443 302 1491 lefimum
328 1443 664 1490 trecentessmnm
699 1444 862 1490 circiter
908 1446 1021 1492 Nam
1044 1444 1084 1490 ei
1118 1457 1209 1489 tum
1243 1440 1429 1488 succeffit
1463 1439 1573 1487 filius
1609 1442 1757 1489 Tumor

108 1513 217 1563 Cha.
266 1518 328 1563 H
328 1513 425 1559 aitho
453 1512 773 1577 quadragesimo
795 1512 977 1578 septimo
993 1550 1005 1572 ‚
1023 1529 1154 1576 quem
1172 1516 1344 1560 Venetus
1365 1510 1454 1556 libro
1461 1510 1632 1573 seeundo
1643 1550 1657 1570 ,
1692 1531 1756 1558 ca-

110 1586 192 1646 pite
217 1584 402 1649 trzgefimo
420 1600 511 1630 nono
536 1584 644 1645 Esen
656 1582 799 1631 Temur
816 1585 1021 1631 nominat.
1071 1584 1340 1628 Caeterorum
1371 1580 1546 1625 nomina
1572 1592 1657 1627 tam
1681 1580 1757 1627 diu

106 1651 431 1718 ignorabuntur,
445 1652 585 1698 donec
601 1650 785 1699 Annales
796 1650 1029 1699 Sinenfium
1039 1650 1251 1716 prodeant
1268 1676 1280 1707 ,-
1294 1651 1425 1695 Extat
1435 1646 1613 1712 quidem
1626 1651 1758 1697 Cata«

109 1721 235 1788 logus
245 1724 507 1787 Magnorum
518 1719 956 1782 ChamorumCatajae
970 1721 1086 1786 apud
1098 1720 1428 1784 Henningen‚ex
1439 1716 1758 1785 Schiltpergero

108 1791 287 1850 Bavam,
302 1793 377 1856 qui
393 1789 468 1838 sub
478 1790 543 1836 Ta
549 1789 737 1838 meslano
745 1788 957 1850 militavit,
969 1789 1038 1837 sed
1050 1790 1224 1836 nomina
1238 1788 1349 1835 adeo
1360 1785 1592 1837 monstrola
1605 1790 1652 1837 &
1663 1805 1757 1836 cor-

109 1873 236 1925 rupta
252 1860 365 1920 sunt,
376 1874 425 1907 ut
434 1858 540 1908 nihil
553 1859 653 1908 inde
663 1861 765 1906 certi
780 1857 924 1906 haberi
944 1859 1085 1924 possit.

174 1931 287 1977 Intra
297 1917 527 1994 nonaginissi
541 1946 674 1975 annos
689 1928 889 1976 bellicosa
912 1931 1192 1976 Tartarorum
1215 1928 1334 1975 natio
1348 1926 1458 1973 adeo
1478 1927 1625 1975 Sinicis
1648 1927 1755 1976 deli·
1771 1971 1804 2003 T
1882 1973 1893 1981 ,

104 1997 179 2045 ciis
193 1999 365 2047 infracta
378 1997 424 2043 &
434 2000 632 2063 corrupta
646 1996 740 2056 fuit,
755 2011 802 2044 ut
810 1997 911 2045 belli
929 1997 1072 2044 studio
1086 1995 1268 2045 omissos}
1282 1997 1437 2042 virtute
1447 1995 1667 2057 Majorum
1679 2016 1756 2062 pe-
1771 1981 1920 2055 siss‘a‘ss‘ssi.

106 2069 220 2114 nitus
234 2068 542 2134 degenerarint.
567 2068 675 2114 Sinae
686 2067 878 2114 nondum
895 2066 1085 2114 extinc'la
1101 2064 1347 2125 injuriarum
1363 2065 1408 2109 8<
1419 2065 1604 2112 cladium
1617 2067 1660 2113 in
1677 2068 1755 2115 hac
1771 2054 1880 2087 mmm·

106 2135 320 2184 Tartarica
337 2136 533 2184 servitute
547 2149 814 2201 acceptarum
828 2138 1032 2184 memoria
1045 2175 1057 2195 ‚
1083 2133 1167 2183 anfi
1179 2135 1350 2182 tandem
1373 2133 1398 2180 f
1394 2149 1545 2181 uerunt
1555 2137 1674 2182 armis
1686 2154 1753 2183 ac-

105 2207 263 2269 ceptis,
298 2208 566 2271 peregrinum
589 2205 741 2270 jugum
756 2221 968 2255 excutere.
1020 2206 1131 2252 Dux
1154 2205 1199 2250 8<
1219 2218 1342 2251 autor
1358 2215 1443 2248 tam
1459 2203 1650 2268 generosi
1666 2204 1752 2252 ausi

103 2274 281 2337 quidam
299 2273 454 2322 infimae
477 2274 759 2332 conditionis,
788 2274 1005 2322 {acriticuli
1029 2273 1246 2332 cujusdam
1265 2272 1551 2335 mancipium,
1574 2274 1751 2320 nomine

105 2342 194 2408 [hu
209 2344 303 2402 fuit,
313 2345 388 2408 qui
405 2342 556 2391 sacello
568 2344 611 2390 8<
626 2342 742 2390 sacris
755 2342 946 2406 inanibus
958 2342 1109 2391 reliciis
1124 2379 1136 2402 ,
1161 2342 1412 2406 predonum
1430 2357 1558 2388 manu
1573 2341 1750 2390 collecta

102 2431 159 2460 ex
170 2413 388 2461 montibus
397 2411 521 2478 plana
530 2412 659 2476 longe
675 2412 843 2475 lateque
855 2412 1028 2459 vastavit
1037 2415 1082 2461 8<
1092 2411 1324 2457 accessione
1340 2411 1493 2456 virium
1503 2410 1635 2458 indies
1646 2410 1748 2458 vali-

102 2483 204 2543 dior
216 2483 408 2548 (quippe
419 2483 527 2528 Sinae
543 2482 593 2528 ad
608 2481 808 2528 libertatis
821 2481 1033 2528 vindicem
1044 2484 1090 2529 8<
1105 2482 1381 2528 Tartarorum
1398 2479 1561 2526 fulmen
1584 2480 1751 2546 ingenti

103 2569 282 2600 numero
300 2550 604 2616 confluebant)
619 2551 689 2615 spe
705 2550 872 2616 praedae,
883 2568 1011 2615 quam
1025 2549 1250 2598 liberaliter
1264 2547 1489 2605 distribuit,
1497 2546 1656 2608 justum
1669 2567 1747 2596 exa

103 2624 282 2668 ercitum
292 2620 496 2669 conflavit
507 2656 519 2678 ,
533 2618 650 2667 bello
661 2622 882 2667 Tartarico
894 2620 955 2666 his
970 2618 1086 2683 quasi
1096 2621 1361 2667 tentamentis
1378 2616 1572 2682 praelusit.
1607 2622 1675 2665 Ac
1690 2635 1747 2666 ne

104 2689 256 2751 majori
274 2692 313 2737 vi
326 2692 433 2737 intra
442 2702 609 2736 montes
620 2688 938 2754 repullus,fame
948 2687 1171 2746 laboraret,
1181 2706 1253 2734 eos
1269 2689 1369 2733 arari
1383 2688 1427 2732 8<
1438 2686 1598 2734 conseri
1614 2684 1754 2748 juffit,

105 2758 257 2806 suturae
273 2760 330 2805 ita
340 2758 564 2806 neceffitati
575 2758 758 2823 provide
768 2756 1123 2806 consulensTum
1138 2755 1384 2803 successibus
1396 2758 1517 2802 tantis
1528 2757 1752 2816 animatuS,

101 2827 248 2892 palam
257 2827 420 2875 bellum
429 2828 615 2874 Tartaris
630 2826 786 2886 intulit,
797 2829 910 2874 Sinas
926 2844 1072 2874 omnes
1084 2825 1137 2872 ad
1149 2826 1386 2876 libertatem
1397 2827 1442 2872 δε
1453 2821 1601 2890 pradae
1612 2823 1748 2873 socie⁴

107 2910 236 2946 tatem
256 2914 434 2944 evocans
451 2936 465 2956 ‚
498 2912 606 2960 quos
621 2898 747 2949 ctiam
770 2896 986 2944 indemnes
1009 2895 1112 2942 belli
1128 2895 1207 2942 effe
1220 2894 1369 2951 voluit,
1401 2891 1510 2941 solos
1525 2892 1578 2940 ad
1597 2911 1756 2942 necem

108 2965 306 3012 Tartaros
327 2979 526 3029 tanquam
541 2966 736 3030 publicos
762 2964 920 3023 hostes,
948 2962 1192 3029 deposcens.
1233 2963 1430 3011 Victoriae
1449 2962 1538 3023 ejus
1556 2976 1641 3010 tam
1664 2964 1747 3011 fre-

82 3048 87 3064 ³
108 3048 286 3098 quentes
302 3035 472 3083 fuerunt
492 3037 537 3082 &
553 3034 710 3094 denlie,
739 3050 785 3080 ut
796 3034 958 3083 Tartari
970 3033 1116 3099 passim
1127 3031 1368 3098 profligati,
1395 3031 1566 3082 tandem
1580 3049 1750 3090 omnes,

108 3106 183 3174 qui
193 3103 400 3153 restabant
411 3143 424 3166 ,
450 3104 604 3170 panico
619 3117 776 3153 terrore
787 3105 994 3170 correpti,
1023 3101 1123 3167 fuga
1139 3101 1179 3150 se
1194 3101 1307 3149 ultra
1321 3118 1490 3149 murum
1506 3105 1549 3150 in
1562 3100 1750 3215 pristigas

1077 3174 1104 3218 s
1639 3168 1677 3217 sc
1711 3186 1755 3216 es
