2114 3412
133 724 264 754 Secreta-

133 768 190 795 rius
203 774 275 794 con-

132 806 223 847 signat
232 817 295 837 mu-

133 858 209 880 nera.

146 2456 207 2486 Ada
213 2466 271 2487 mas

122 2498 271 2538 pendebat

123 2539 185 2569 dno
194 2551 286 2575 rnaas,

120 2580 153 2611 id
161 2581 212 2616 est,
219 2582 290 2613 030

122 2622 280 2664 {tr-apulos.

322 154 422 208 146
697 139 836 197 Pars
855 137 997 194 tertia
1018 129 1296 219 Legationis
1316 135 1585 221 chttavicae¹

387 241 518 293 Adam
536 241 644 287 inter
656 237 756 298 alia,
774 251 858 286 ante
876 250 1031 305 quatuor
1050 237 1181 300 metfi’s
1202 241 1390 304 Legatum
1403 236 1983 304 Qussicnmcentumpersonarum

318 316 488 359 comitatu
498 345 511 368 ‚
527 328 612 374 quos
633 313 728 355 inter
746 310 883 375 aliquot
894 308 1094 371 AE'thiopes
1104 344 1116 367 ,
1140 306 1374 375 Pekingam
1395 325 1522 354 annuae
1529 322 1744 354 mercaturae
1752 326 1836 372 ergo
1848 309 1984 374 veniſjZ

317 377 551 437 referebat,
559 377 631 440 sed
647 379 814 426 haHenus
832 376 929 442 quod
936 379 1149 440 Imperator,
1158 377 1263 423 modo
1272 382 1369 425 intra
1382 412 1394 435 ,
1412 376 1513 423 modo
1530 392 1642 424 extra
1661 379 1850 423 civitatem
1862 377 1985 442 vetfita

318 464 419 496 retur
431 484 443 506 ,
467 448 691 494 audientiam
709 451 904 510 impetrare
923 464 990 493 non
1008 446 1174 510 potutffi.
1211 449 1277 494 Ita
1295 445 1434 493 multis
1451 444 1561 493 ultro
1573 447 1768 511 citroque
1784 444 1983 495 sermoni-

317 518 395 565 bus
405 514 509 564 caesis
521 553 533 576 ‚
552 515 724 583 vespera
745 515 833 579 jam
854 519 1080 581 ingruente
1099 517 1142 562 in
1164 513 1369 578 Palatium
1387 514 1506 562 suum
1526 529 1788 578 reverterunt
1800 551 1812 575 ,
1823 514 1983 582 Jesuita

320 588 482 643 Adamo,
492 604 620 651 quem
633 588 867 651 quatuorin
878 586 1088 648 Palankyna
1099 583 1315 632 sedentem
1328 620 1338 642 ‚
1356 586 1538 632 humeris
1549 582 1768 650 gestabant
1779 619 1792 642 ,
1809 584 1982 650 aliisque

320 654 534 722 equitibus
543 673 615 703 cos
627 657 799 704 honoris
816 672 921 721 ergo
933 653 1140 719 pompose
1152 653 1464 701 comitantibus.

386 727 590 789 Sequenti
603 725 672 772 die
684 726 898 789 primarius
910 724 1160 772 Secretarius
1167 721 1412 789 Thouglonja‚
1422 740 1520 770 cum
1528 722 1790 769 Mandarinis
1806 725 1983 790 Qalouja

321 797 366 842 ὃς
380 797 441 842 H
439 794 575 859 oloonja
585 831 596 853 ‚
610 795 719 858 juffu
731 792 981 841 Cancellarii
992 792 1047 839 ad
1059 794 1242 859 Legatos
1253 792 1494 851 inviserunt‚
1502 809 1688 846 munera,
1697 809 1789 857 quae
1800 795 1982 858 Impera-

318 865 400 911 tori
417 900 430 921 ,
463 861 552 923 ejus
576 865 696 911 matri
717 865 762 911 8<
786 865 928 928 primae
953 859 1132 909 Sultanae
1144 863 1320 927 proprio
1340 863 1515 908 nominc
1533 860 1752 909 offerenda
1763 861 1982 922 haberent,

317 931 614 999 consignaturi.
659 937 767 988 Quo
787 931 899 979 fafito
916 968 928 991 ,
953 948 1058 978 mox
1077 931 1229 978 iterum
1250 929 1398 978 reverfi
1420 933 1697 978 Secretarium
1718 933 1983 996 Legatorum

317 1019 414 1048 cum
436 1001 678 1048 muneribus
703 1004 746 1049 in
769 1005 973 1049 Senatum
993 999 1192 1048 citabant.
1237 1004 1301 1048 Ita
1321 1002 1508 1049 Henricus
1529 1000 1660 1046 (Baton
1681 998 1866 1048 cumillis
1875 1019 1930 1049 eo
1941 1000 1981 1050 se

316 1069 512 1127 contulit,
522 1069 765 1136 cunfflisquc
778 1069 966 1136 peraffis,
975 1068 1124 1118 reversi
1139 1069 1283 1117 denuo
1294 1070 1423 1116 iidem
1436 1086 1534 1116 cum
1544 1069 1806 1117 Mandarino
1816 1071 1982 1118 Pinxen-

317 1154 399 1185 touo
411 1142 456 1187 8<
469 1139 638 1187 duobus
648 1139 733 1187 aliis
746 1139 1109 1203 Kantonerfibus,ac
1119 1140 1191 1204 qui
1202 1157 1264 1187 res
1276 1142 1508 1204 Proregum
1519 1140 1563 1185 in
1581 1136 1674 1186 aula
1685 1137 1982 1195 observabant,

318 1227 467 1254 munem
480 1213 698 1272 Imperatori
712 1245 723 1265 ,
741 1212 814 1274 ejus
833 1213 942 1255 matri
959 1211 1000 1255 &2⁰
1023 1209 1130 1256 uxori
1131 1207 1343 1273 gratissima
1351 1208 1419 1271 effe
1438 1206 1685 1267 retulerunt,
1696 1225 1743 1255 ac
1752 1207 1781 1256 si
1793 1209 1897 1273 quid
1908 1209 1979 1256 ad-

317 1276 400 1323 hoc
412 1277 641 1324 linteorum
652 1277 860 1336 alborum,
869 1278 1092 1324 minimum
1105 1279 1414 1343 quinquaginta
1427 1276 1658 1335 volumina,
1673 1276 1828 1341 quibus
1836 1295 1976 1326 carere

320 1345 498 1410 possent,
508 1345 729 1411 superesset
739 1383 750 1405 ,
769 1345 1084 1394 remunerandis
1093 1344 1387 1409 Kgmtonetfium
1399 1349 1630 1411 Proregum
1642 1345 1828 1395 filiorum
1839 1349 1982 1395 uxori-

318 1414 410 1468 buS,
426 1416 469 1462 id
482 1414 553 1461 sibi
573 1417 693 1480 quod
706 1417 958 1481 praecipuam
969 1412 1295 1463 delectationem
1306 1417 1349 1462 in
1359 1417 1406 1462 iis
1415 1416 1586 1481 cepiffet
1598 1451 1611 1474 ,
1630 1416 1857 1465 mitterent.
1890 1419 1981 1464 Cui

318 1484 521 1531 mandato
530 1483 818 1532 satisfacientes
827 1484 896 1532 sex
909 1485 1131 1551 &triginta
1142 1482 1360 1533 volumina
1373 1521 1386 1543 ,
1398 1486 1585 1533 Tartaris
1601 1483 1782 1533 multum
1793 1485 1982 1553 gauden-

316 1552 441 1612 tibus,
452 1554 676 1601 donarunt.
714 1557 833 1619 Saepe
844 1554 986 1619 postea
999 1552 1149 1602 reversi
1165 1552 1222 1601 illi
1233 1553 1477 1602 Mandarini
1487 1589 1501 1610 ‚
1519 1572 1567 1602 ac
1578 1557 1794 1602 Secretarii
1805 1555 1862 1602 de
1872 1554 1980 1603 statu

317 1621 553 1670 Hollandiae
565 1624 767 1689 propiora
777 1623 1083 1671 sciscitabantur
1093 1657 1106 1678 ,
1125 1621 1196 1670 sed
1207 1641 1305 1671 cum
1315 1626 1388 1672 vix
1399 1623 1581 1671 satisfieri
1593 1622 1727 1672 verbis
1736 1642 1899 1684 eorum,
1909 1623 1979 1672 vel

313 1690 554 1746 curiofitati,
566 1691 632 1741 vel
644 1695 891 1758 ignorantiae
901 1711 948 1741 ac
959 1693 1131 1741 ruditati
1145 1693 1295 1758 posset,
1307 1693 1446 1740 charta
1460 1711 1563 1759 pura
1575 1729 1586 1751 ‚
1596 1691 1688 1759 ipsis
1699 1695 1755 1741 ita
1771 1692 1980 1758 poscenti-

312 1758 390 1807 bus
401 1797 412 1817 ‚
433 1759 607 1825 prolata,
619 1779 711 1827 quae
723 1776 907 1827 quatuor
916 1761 1020 1810 festa
1028 1763 1151 1825 juxta
1163 1763 1314 1810 mundi
1325 1761 1592 1828 plagaslineis
1602 1763 1766 1820 rudem,
1779 1765 1825 1810 &
1836 1776 1884 1810 ut
1894 1780 1979 1811 ma-

312 1846 371 1876 nu
384 1828 472 1877 ficri
486 1834 794 1894 poterat‚varias
804 1832 943 1881 obiter
952 1829 1217 1879 delinearunt
1227 1834 1517 1900 Regiones,un
1523 1832 1577 1879 de
1587 1832 1725 1899 digito
1732 1831 1980 1898 dignoscere

308 1896 434 1953 fitum
455 1898 692 1947 Hollandiae
704 1901 868 1964 possent
879 1935 892 1956 ,
913 1900 1138 1968 arguendae
1148 1898 1320 1949 illorum
1334 1901 1490 1966 supinae
1505 1900 1571 1948 vel
1582 1900 1826 1966 ignorantiae
1837 1913 1978 1948 rerum

312 1967 939 2027 inundana1·um,velcalumniae
950 1968 1045 2017 mali
1050 1972 1332 2036 gnorum,qui
1344 1969 1437 2035 ipsis
1446 1969 1606 2036 grande
1617 1969 1885 2016 mendacium
1896 1969 1977 2017 ob-

311 2035 512 2083 truscrant
521 2072 532 2094 ,
551 2050 654 2084 terra
667 2055 804 2085 carere
820 2038 1124 2096 Hoilandos,&
1136 2037 1302 2085 nonnisi
1312 2039 1564 2086 maritimam
1573 2039 1617 2084 in
1627 2037 1802 2086 navibus
1811 2056 1978 2104 vagam·
2043 2086 2050 2092 ,

310 2123 395 2167 que
409 2106 550 2164 vitam,
563 2107 790 2170 piratarum
802 2106 939 2161 instar,
951 2123 1085 2173 agere.

379 2175 532 2221 Tertio
543 2181 582 2221 A
590 2174 725 2242 ugusti
739 2176 942 2241 Pekitgam
966 2178 1152 2242 Legatus
1173 2174 1422 2242 Mogolicus
1442 2172 1497 2223 ab
1507 2178 1766 2242 Imperatore
1774 2175 1905 2224 Indiae
1915 2178 1979 2224 in·

310 2256 370 2289 tra
395 2245 440 2290 8<
462 2258 582 2291 extra
604 2248 757 2309 Gangen
778 2246 915 2292 missiis
924 2280 936 2303 ,
952 2246 1266 2310 componendis
1275 2280 1287 2303 ,
1300 2262 1393 2309 quae
1403 2262 1540 2310 nuper
1549 2248 1658 2292 inter
1668 2245 1978 2293 Sinicumlndi-

307 2329 491 2377 cumque
503 2315 734 2378 Imperium
747 2329 905 2363 exortae
918 2353 930 2373 ‚
951 2312 1242 2362 controverfiis
1252 2313 1390 2361 missus
1398 2347 1412 2368 ,
1432 2313 1669 2363 &liberum
1680 2313 1891 2381 religionis
1900 2332 1977 2379 per

309 2383 450 2426 Sinam
462 2382 892 2442 Maho1mnedicae‚an
906 2383 1098 2431 Ethnicae
1109 2382 1978 2448 incertum,exercitium,utferebant,peti-

308 2463 434 2496 turus.
446 2453 609 2498 Munus
625 2451 764 2500 attulit
775 2454 1021 2518 imperatori
1031 2451 1220 2518 (quippe
1232 2451 1348 2499 nefas
1364 2454 1599 2500 immunem
1610 2452 1664 2499 ad
1675 2450 1812 2499 aulam
1825 2453 1978 2500 admit-

310 2516 366 2582 ti)
377 2537 386 2563 t
399 2521 576 2567 trecenti
591 2522 817 2585 &triginta
827 2521 898 2569 sex
910 2520 1101 2588 generosi
1120 2523 1221 2588 equi
1234 2540 1243 2567 ε
1256 2520 1347 2568 duo
1358 2524 1442 2569 vivi
1456 2519 1796 2577 struthiocameli,
1807 2522 1977 2570 adamas

307 2586 470 2652 pollicis
490 2590 814 2656 magnitudine,
837 2604 900 2638 ter
911 2589 1024 2638 mille
1035 2589 1147 2638 librae
1168 2590 1318 2656 lapidis
1331 2585 1371 2652 C
1370 2591 1490 2637 olerini
1502 2591 1670 2637 venenis
1680 2588 1853 2654 praesens
1865 2593 1976 2638 anti-
2039 2610 2041 2613 ·
2092 2606 2110 2660 ἵ·

309 2657 434 2704 dotus
445 2656 511 2704 vel
521 2659 731 2706 medicina
742 2693 754 2717 ,
773 2677 866 2724 quae
883 2662 1025 2707 omnia
1036 2659 1110 2706 suo
1122 2662 1260 2726 pretio
1271 2677 1469 2726 magnam
1489 2657 1565 2724 ipsi
1575 2661 1619 2706 &
1630 2657 1974 2707 benevolentiam

307 2724 582 2774 conciliarunt
594 2765 608 2786 ,
632 2730 677 2775 &
688 2726 994 2793 postulatorum
1005 2729 1402 2795 consequendorum
1413 2728 1528 2793 spem
1539 2727 1655 2775 haud
1664 2727 1920 2794 ambiguam.

377 2796 603 2842 Pin'xentous
625 2814 723 2844 cum
748 2798 937 2862 quodam
957 2800 1088 2846 Duce
1099 2800 1282 2847 Tartaro
1303 2800 1466 2862 Pekinga
1487 2797 1665 2844 antehac
1676 2799 1894 2859 Kantonam
1912 2796 1976 2844 lu-

308 2861 478 2910 strandae
490 2864 646 2913 militiae
656 2866 791 2926 miffo,
802 2866 875 2915 ubi
886 2869 976 2932 ejus
988 2869 1185 2915 notitiam
1197 2866 1421 2916 habuimus
1433 2901 1446 2924 ‚
1465 2865 1726 2914 Mandarinis
1736 2867 1976 2914 comitanti-

309 2930 389 2976 bus
403 2934 635 2999 Prorcgum
646 2935 937 2996 Kasztonenlium
951 2936 1291 3002 procuratoribus
1301 2972 1314 2995 ,
1335 2939 1525 3001 Legatos
1535 2936 1720 3000 quadam
1741 2935 1811 2983 die
1820 2953 1976 2982 conve-

310 3001 442 3053 niens,
453 3003 556 3064 quid
564 3004 606 3048 in
618 3002 742 3052 literis
751 3005 852 3053 fidei
865 3023 1023 3054 nomen
1035 3008 1131 3064 Julii
1141 3003 1403 3070 significaret,
1413 3002 1612 3069 quaefivit.
1639 3008 1844 3070 Cumque
1854 3001 1976 3068 septi-

310 3077 428 3116 mum
439 3070 537 3117 anni
550 3073 732 3122 mensem
746 3077 964 3140 Europaeis
976 3112 989 3135 ,
1009 3077 1055 3123 8(
1077 3075 1259 3123 Tartaris
1271 3072 1466 3123 ultimum
1479 3075 1576 3122 anni
1587 3073 1803 3140 designare
1812 3069 1976 3120 intelle-

1843 3140 1977 3198 xiffer,
