2150 3370
387 100 455 160 ad
464 104 778 186 Magnum
795 98 1052 161 Tartariae
1072 106 1291 187 Sinaeque
1308 103 1568 182 chamum}
1724 131 1792 177 27

137 208 300 254 Taiwan
311 241 322 262 2
347 226 438 272 quae
453 209 668 272 proxima,
692 208 885 254 Cantoni
907 205 1063 253 censuit
1084 209 1192 255 viam
1207 245 1219 267 ,
1246 223 1292 256 ut
1313 213 1406 275 quis
1422 210 1646 276 sperandus
1657 212 1793 278 impo-

136 275 289 324 sterum
302 277 398 324 esset
409 276 620 334 successus,
630 275 712 322 hoc
723 275 854 323 veluti
866 277 1133 322 internuncio
1144 276 1358 327 constaret.

178 348 336 393 Primus
345 348 544 410 expedita
556 363 654 392 cum
665 346 1062 404 navi,mercimoniis
1073 348 1190 392 variis
1199 345 1361 404 onusta,
1371 366 1424 394 eo
1436 352 1572 399 missus
1586 347 1789 416 vigesimo
1804 355 1972 400 &hedenus

133 414 291 480 Aprilis
301 414 542 463 Fredericus
554 413 732 462 Schedel
739 448 754 469 ,
768 416 842 479 qui
853 413 946 479 post
955 431 1114 460 novem
1128 414 1290 462 dierum
1311 419 1628 483 navigationem
1637 418 1787 467 ostium
1803 408 1950 470 {3:331-

132 484 251 531 fluvii
263 485 493 545 (britonensis
503 484 765 549 ingreffuS,in
777 483 876 529 loco
887 483 1078 547 quodam
1091 485 1179 542 ,cui
1190 501 1348 532 nomen
1362 488 1575 547 Heytamon
1589 524 1601 545 ,
1618 505 1786 536 ancoras
1801 482 1971 563 ξ’ξῐξζᾶρξζζ

132 553 240 600 fixit.
274 555 389 599 Mox
401 552 563 599 duabus
581 551 738 618 scaphis
749 551 965 599 Praefe5m3
984 553 1074 616 ejus
1090 551 1171 599 loci
1190 551 1495 617 (Mandarinos
1506 570 1658 603 vocant
1671 556 1786 604 Lusi-

131 619 243 685 tani)
257 623 431 668 nomine
445 625 646 669 Haitouw
657 656 670 676 ,
688 622 885 670 εάνεᾶὶῑιε
898 620 1191 679 ,Schedelium
1212 622 1502 687 compellavit,
1519 642 1703 689 eumque
1726 626 1784 674 sc-
1802 604 1962 690 ἒῖῗέἷῗιῗξ

129 706 227 736 cum
240 693 282 737 in
295 704 446 737 terram
457 690 685 738 deductum
694 691 809 739 haud
827 690 917 739 satis
927 692 1166 739 humaniter
1176 695 1361 756 excepit,
1372 692 1590 747 Lusitanis,
1602 711 1787 758 quorum

127 762 276 825 Caput
301 760 478 824 quidam
500 759 754 808 Emmanuel
775 761 828 807 de
839 760 1097 814 Lucifierro,
1122 761 1212 823 ejus
1240 760 1400 820 literas,
1421 761 1676 827 sarcinasque
1694 781 1786 812 non

128 828 287 894 absque
299 827 566 875 mordacibus
578 828 712 877 verbis
724 829 1044 878 excutientibus.
1070 827 1203 876 Simili
1212 832 1440 878 acrimonia
1451 833 1474 879 a
1489 833 1677 898 Proregis
1695 833 1787 880 De-
1826 826 1833 832 ’

128 896 274 963 legatis
282 911 399 944 extra
410 900 558 945 maenia
568 900 611 945 in
622 897 854 963 hospitium
866 899 1045 946 ducitur.

196 970 402 1032 interpres
411 965 576 1032 Tienqua
596 985 694 1014 cum
705 966 911 1029 adjuncfftis
926 969 1111 1015 Tartaris
1133 968 1402 1017 Schedelium
1422 970 1446 1018 ὲ
1467 971 1562 1017 navi
1575 971 1680 1017 intra
1691 989 1785 1018 mae-

129 1037 200 1082 nia
213 1037 257 1082 in
268 1035 487 1083 Idolorum
497 1038 531 1082 F
532 1054 660 1083 anum
673 1037 924 1085 transferunt
932 1073 945 1096 ,
964 1039 1008 1083 in
1021 1055 1110 1101 quo
1119 1041 1227 1085 Sacri
1233 1038 1361 1094 siculi,
1371 1053 1463 1087 tota
1473 1038 1598 1086 noete
1614 1039 1783 1105 clango-

126 1104 240 1151 ribus
250 1107 461 1169 occupati,
471 1104 525 1152 ab
535 1104 657 1152 idolis
666 1107 910 1172 Legationis
929 1119 1131 1153 eventum
1142 1107 1467 1172 extorquebant.
1512 1110 1675 1155 Interea
1694 1111 1786 1173 qui-

127 1175 228 1222 dam
238 1174 495 1222 Mandoritae
504 1177 693 1241 Proregis
702 1176 918 1222 Mandato
926 1173 1051 1222 sacras
1062 1177 1357 1241 ingrediuntur
1368 1177 1475 1224 aedes
1485 1213 1497 1235 ,
1517 1178 1590 1241 qui
1604 1175 1786 1224 reseratis

123 1242 231 1301 cistis
243 1261 417 1290 munera
425 1261 524 1290 cum
534 1243 767 1309 vilipendio
779 1244 967 1292 trastant.
1003 1246 1166 1292 Literas
1187 1245 1437 1311 Protegibus
1460 1245 1680 1293 destinatas
1690 1245 1785 1310 post

126 1311 351 1360 LeEturam
362 1312 630 1378 indignanter
641 1312 822 1378 pedibus
843 1314 1075 1379 projiciunt
1086 1350 1099 1373 ,
1119 1313 1180 1360 ob
1196 1332 1416 1362 erroneam
1433 1317 1477 1362 in
1496 1330 1676 1361 numero
1686 1317 1785 1360 Pro-

125 1399 275 1447 regum
285 1380 678 1447 superscriptionem
686 1382 725 1429 se
735 1397 871 1430 certos
890 1384 946 1430 de
956 1381 1145 1450 maligno
1156 1386 1412 1432 Batavorum
1424 1385 1553 1450 genio
1566 1385 1644 1430 rati
1657 1420 1669 1443 ,
1687 1401 1784 1448 pro.-

125 1466 357 1517 grammate
371 1452 513 1497 Sinico
532 1449 666 1516 sigillo
677 1451 877 1515 Dynastae
889 1486 903 1506 ,
916 1451 1176 1516 Senatusque
1199 1453 1407 1514 Miltoenfis
1427 1454 1621 1512 munito,
1640 1454 1786 1499 acriter

124 1521 165 1567 ei
177 1519 419 1583 exprobant
428 1555 440 1576 ,
457 1537 585 1583 quam
597 1537 769 1585 pravam
781 1520 835 1567 de
846 1522 1008 1568 Batavis
1017 1519 1271 1585 opinionem
1280 1520 1465 1569 foveant.
1499 1524 1661 1569 Verum
1672 1520 1784 1586 post-
1799 1518 1954 1591 Bffifflffl‘

125 1604 254 1652 quam
268 1587 511 1635 Schedelius
532 1606 666 1634 unum
686 1606 742 1634 ex
760 1590 1018 1635 Mandoritis
1032 1588 1183 1653 largius
1196 1591 1303 1634 vino
1315 1590 1540 1652 excepisset
1551 1625 1562 1646 ,
1579 1591 1623 1636 in
1637 1588 1785 1636 melius
1800 1608 1829 1647 tq
1844 1600 1947 1648 haustu

123 1658 300 1704 vertitur
310 1656 627 1723 negotium2hic
637 1657 752 1704 enim
764 1658 919 1703 minaci
931 1656 1071 1723 digito
1086 1655 1362 1720 sycophantas
1370 1655 1666 1721 supprimebat.
1799 1652 1953 1726 ldilipissi

98 1721 101 1723 ’
194 1723 422 1789 Postquam
442 1726 570 1790 igitur
588 1724 718 1774 altera
744 1726 815 1771 die
832 1726 961 1773 densa
981 1723 1304 1790 malignantium
1325 1724 1592 1789 subsequenti
1612 1725 1736 1773 turba
1758 1727 1783 1772 a

125 1793 293 1841 duobus
310 1792 563 1841 Mandaritis
582 1792 637 1839 ad
665 1795 884 1839 Seniorem
912 1795 1140 1858 Protegem
1169 1793 1398 1859 Ptgnamong
1428 1792 1592 1840 sublimi
1624 1795 1783 1841 throno

123 1861 246 1911 tholo
256 1875 464 1928 cooperto
484 1860 733 1909 insidentem
750 1895 764 1916 ,
784 1863 854 1908 cui
871 1862 1045 1909 ducenti
1066 1860 1230 1908 nobiles
1248 1863 1291 1909 in
1309 1876 1460 1909 terram
1481 1864 1627 1909 cernui
1638 1862 1783 1910 decus-

121 1930 214 1980 satis
224 1931 405 1997 pedibus
415 1930 591 1979 seriatim
602 1930 833 1978 assidebant
842 1965 855 1990 ,
864 1929 1024 1978 delatus
1034 1930 1152 1989 esset,
1163 1930 1361 1995 Majestas
1369 1930 1612 1980 le&isliteris
1624 1969 1638 1989 ,,
1661 1950 1709 1979 ac
1719 1950 1784 1979 ac-

123 2004 256 2067 ceptis
273 2002 395 2049 donis
408 2038 420 2061 ,
451 1999 723 2049 Schedelium
740 2001 786 2047 in
798 2003 957 2047 Senatu
967 1999 1162 2047 auditum
1177 2037 1189 2060 ,
1205 2002 1429 2047 criminum
1442 2038 1454 2060 ,
1471 2020 1564 2069 quae
1583 1999 1660 2066 ipsi
1680 2003 1785 2048 invi-
1799 1988 1956 2064 ῃῖξξξῇξῇ

124 2071 195 2119 dia
215 2071 443 2135 objecerat,
453 2069 705 2127 absolutum,
715 2069 844 2136 regali
855 2072 1026 2134 excepit
1035 2071 1250 2117 convivio.
1264 2069 1463 2118 Peculiari
1472 2073 1628 2135 cuique
1639 2069 1780 2118 mensa
1796 2081 1876 2145 ἓξὲξ]
1888 2078 1944 2104 m-

126 2139 369 2195 Schedelio,
379 2154 429 2187 ut
446 2142 491 2188 8<
505 2138 594 2201 ejus
604 2139 779 2200 Aulicis,
789 2157 843 2186 ne
854 2152 1040 2204 excepto
1051 2139 1225 2204 quidem
1237 2140 1360 2204 nigro
1377 2139 1626 2205 pedissequo
1638 2173 1651 2193 ,
1663 2158 1782 2205 aeque
1879 2125 1918 2147 m.

125 2228 175 2258 ac
187 2209 436 2275 Proregibus
450 2211 495 2257 &
503 2211 780 2257 Tartarorum
790 2208 1068 2275 Magnatibus
1078 2212 1318 2274 praeparata,
1328 2226 1506 2273 quarum
1516 2227 1784 2273 unaquaeque

125 2280 298 2346 triginta
310 2277 472 2324 duabus
493 2279 644 2342 patinis
661 2279 888 2344 argenteiS,
907 2280 953 2324 &
973 2279 1168 2324 inauratis
1187 2275 1326 2324 illuxit
1348 2275 1459 2324 vasis,
1504 2281 1618 2323 Inter
1629 2275 1783 2340 pocula

125 2350 248 2396 variae
261 2345 506 2413 quaestiones
518 2385 532 2405 ,
556 2361 604 2394 ut
623 2360 859 2395 exterarum
877 2362 1015 2392 rerum
1035 2343 1185 2390 curiosi
1202 2345 1282 2391 effe
1293 2344 1427 2391 solent
1435 2347 1668 2411 peregrini,
1686 2362 1784 2410 pro—

125 2415 282 2483 pofitae.
312 2415 660 2464 Postconvivium
682 2412 867 2463 visitatur
887 2414 1075 2480 Proregis
1095 2411 1178 2460 sive
1194 2412 1302 2460 filius
1322 2446 1336 2467 2
1359 2412 1441 2460 five
1459 2414 1602 2475 junior
1625 2416 1783 2460 Prorex

127 2490 347 2551 Szgnmnong
360 2522 372 2545 ,
391 2484 466 2532 ubi
476 2486 628 2533 eadem
639 2486 728 2534 fere
734 2483 984 2532 solennitate
992 2483 1137 2530 omnia
1147 2482 1312 2548 peracta
1322 2518 1335 2542 ,
1350 2481 1424 2530 nifi
1434 2485 1554 2549 quod
1566 2483 1633 2528 hic
1642 2484 1685 2527 in
1696 2485 1782 2529 Lu-

129 2554 279 2603 sitanos
291 2553 535 2620 propensior
545 2554 777 2601 videbatur.

196 2625 352 2671 Medio
364 2625 583 2671 Orationis
602 2626 744 2672 Mater
761 2623 950 2688 Proregis
957 2623 1132 2670 Tartara
1147 2625 1346 2676 natione,
1365 2639 1458 2685 quae
1469 2618 1598 2686 paulo
1617 2634 1714 2667 ante
1723 2638 1779 2668 ex
1791 2624 1930 2697 ωξῗῑξξί)

134 2692 323 2740 Tartaria
348 2695 596 2747 Cantonam
617 2705 810 2750 venerat,
832 2690 992 2738 curiosa
1009 2690 1246 2739 Hollandos
1269 2691 1467 2749 videndi,
1487 2707 1586 2736 eum
1610 2693 1778 2737 evocari
1794 2711 1948 2749 excipitur,

132 2760 255 2823 juffit.
291 2761 436 2809 Stabat
458 2761 526 2809 illa
543 2760 787 2809 ancillarum
809 2759 954 2824 stipata
966 2760 1112 2806 medio
1129 2759 1369 2807 inconclavi
1384 2761 1575 2826 agmine,
1594 2759 1780 2824 peraffil-

133 2847 219 2893 que
229 2827 352 2877 salute
363 2845 524 2886 mutua,
534 2830 753 2878 insonuere
761 2828 868 2891 juffu
877 2827 1083 2876 Schedelii
1093 2829 1220 2882 tubae,
1232 2826 1414 2874 multum
1426 2827 1650 2885 delectatis,
1660 2829 1780 2892 quod

133 2897 295 2946 assuetae
312 2897 369 2944 illi
388 2913 645 2947 taratantarae
656 2917 747 2948 non
765 2898 913 2951 essent,
934 2899 1157 2944 Tartaricis
1176 2897 1372 2944 foeminis.
1407 2899 1523 2944 Cum
1534 2897 1668 2944 redux
1683 2900 1780 2944 Pro-

132 2970 221 3031 regi
234 2965 548 3016 valedixiffet'ad
566 2967 802 3035 Toutngum
815 2967 982 3033 (tertius
1000 2968 1032 3012 is
1040 2967 1249 3032 dignitate
1259 2965 1525 3032 Magistratus
1534 2968 1781 3013 Cantonen-

131 3033 203 3099 sis)
215 3034 430 3096 deductus,
439 3055 492 3084 eo
500 3055 588 3085 non
597 3036 855 3105 compellato
865 3074 878 3098 ,
889 3037 1008 3103 quod
1016 3034 1073 3153 ΓΞ
1065 3033 1335 3095 subduxisset,
1344 3037 1388 3084 in
1405 3033 1647 3150 hospitiun}l
1644 3052 1780 3099 prope

1113 3121 1137 3151 2
1652 3119 1779 3149 umen
