2083 3422
97 1512 143 1544 18.
160 1511 241 1552 April

95 1556 124 1583 T
136 1563 155 1583 A
171 1563 177 1582 ι
192 1564 210 1582 κ
223 1564 245 1584 o

94 1594 262 1635 appellunt.

101 2552 141 2581 ga
147 2552 172 2570 ΠΖ
196 2550 247 2580 ap-

108 2585 230 2622 propin-

108 2631 208 2664 quant.

350 1477 532 1530 Pekkmsa
552 1479 642 1543 jam
661 1476 902 1526 declinante
918 1479 962 1526 in
982 1478 1153 1527 noeiem
1170 1476 1240 1524 die
1261 1477 1382 1524 TAI
1395 1475 1436 1522 K
1451 1477 1498 1523 O
1523 1473 1590 1522 vel
1600 1473 1723 1523 Taiha
1734 1477 1964 1543 attigimus.

281 1549 528 1597 Secundum
554 1547 660 1595 illud
678 1547 892 1613 oppidum
911 1547 981 1596 est.
1019 1548 1221 1596 Civitatis
1238 1564 1363 1594 nonae
1376 1548 1552 1612 Kiegan,
1572 1560 1749 1593 centum
1772 1547 1836 1609 Ly
1863 1545 1962 1594 Wme

280 1639 401 1684 mugga
424 1618 575 1666 distans
595 1655 607 1677 ,
635 1617 688 1666 ad
710 1616 872 1665 sinistrae
892 1620 992 1684 ripae
1005 1618 1125 1666 fluvii
1141 1615 1414 1668 Canadsitum,
1458 1619 1572 1663 Orta
1590 1613 1685 1663 luce
1697 1617 1857 1663 moenia
1871 1614 1962 1678 ejus

280 1688 504 1738 altitudine
515 1690 671 1754 pariter
680 1706 729 1735 ac
739 1686 854 1734 mole
862 1685 1102 1754 spectabilia
1125 1686 1164 1734 se
1175 1685 1459 1734 ostentabant.
1497 1688 1617 1752 Ager
1636 1684 1801 1744 fertilis,
1829 1686 1875 1733 &
1894 1703 1964 1734 va-

280 1761 428 1807 rietate
450 1758 622 1825 frugum
642 1776 835 1806 amoenus
859 1777 868 1803 :
907 1758 992 1806 Sed
1012 1760 1058 1806 &
1079 1757 1189 1805 hanc
1205 1756 1358 1804 urbem
1371 1756 1539 1803 Tartari
1552 1753 1728 1821 pristino
1739 1752 1961 1820 spoliatam

282 1829 437 1876 decore
451 1841 783 1875 monumentum
802 1827 880 1875 suae
890 1828 1162 1875 immanitatis
1181 1825 1385 1874 fecerunt.
1427 1823 1579 1872 Plateae
1598 1823 1777 1871 filicibus
1794 1823 1963 1890 elegan-

280 1912 344 1945 ter
356 1896 484 1945 stratae
497 1934 509 1956 ³
529 1896 602 1945 sed
613 1896 880 1966 angustiores.
919 1895 1071 1944 Versus
1085 1899 1263 1944 Boream
1281 1894 1453 1961 lapideo
1464 1895 1589 1959 ponti
1601 1896 1675 1941 uni
1687 1895 1796 1942 nixae
1807 1894 1963 1942 fornici

280 1967 570 2034 conjungitur.
610 1965 843 2032 Supersunt
860 1966 954 2031 post
966 1983 1174 2030 nuperam
1183 1963 1490 2012 desolationem
1503 1962 1733 2030 magnifica
1747 1962 1962 2010 hincinde

283 2035 676 2101 aedificiaanagnam
689 2050 852 2101 partem
865 2033 1097 2083 cultoribus
1107 2052 1252 2093 vacua,
1261 2036 1307 2082 8<
1317 2031 1513 2099 spelunca
1524 2031 1722 2092 ferarum,
1731 2034 1962 2098 aviumque

284 2106 391 2152 nidi.
425 2107 540 2152 Duae
553 2104 658 2151 olim
674 2105 733 2152 ibi
746 2118 876 2152 turres
889 2141 901 2164 ‚
921 2123 1101 2171 quarum
1119 2122 1205 2152 una
1226 2106 1461 2152 etiamnum
1473 2100 1672 2168 superstes
1684 2101 1852 2167 depi5ta
1861 2120 1964 2150 con-

284 2174 455 2239 spicitur
467 2209 480 2229 2
500 2173 628 2222 altera
646 2173 826 2222 fulmine
843 2175 951 2223 taeta
961 2177 1132 2222 corruit.
1168 2175 1375 2222 Eminent
1396 2171 1614 2220 hincinde
1636 2170 1770 2219 moles
1779 2170 1964 2237 templo-

287 2261 381 2290 rum
392 2243 575 2291 excelsae.
608 2244 890 2292 Mandarinus
900 2244 1075 2308 quidam
1086 2244 1142 2291 ad
1154 2261 1231 2290 nos
1241 2241 1434 2301 invisenS,
1443 2244 1516 2307 qui
1527 2242 1617 2289 duo
1627 2243 1822 2307 equitum
1834 2240 1965 2289 millia

288 2330 426 2378 nuper
439 2314 609 2381 Proregi
621 2312 857 2375 Kantonenfi
865 2350 876 2372 ,
897 2313 1066 2380 Pekingci
1082 2313 1343 2367 adduxerat,
1365 2310 1490 2359 nobis
1510 2310 1674 2371 retulit,
1692 2312 1964 2359 Chamumma-

291 2400 482 2449 gnopere
495 2385 537 2430 in
549 2385 662 2450 regia
673 2383 741 2430 sua
759 2385 902 2448 Peking
914 2384 1150 2432 adventum
1164 2381 1484 2430 Hollandorum
1495 2394 1714 2446 exoptare.

356 2453 543 2500 Decima
556 2470 669 2499 nona
679 2452 831 2499 urbem
849 2454 1196 2502 KINNUNGA
1205 2457 1271 2511 M,
1283 2470 1376 2517 quae
1387 2449 1473 2498 aliis
1483 2453 1634 2516 Kiegasz
1647 2486 1659 2509 ,
1670 2467 1783 2496 nona
1791 2466 1846 2496 ex
1857 2450 1963 2496 civi-

291 2521 446 2569 tatibus
457 2521 614 2587 ngsi,
625 2524 670 2570 8<
681 2524 912 2588 nonaginta
921 2523 984 2584 Ly
994 2522 1169 2585 Taykona
1181 2521 1344 2579 distans,
1354 2522 1632 2586 pervenimus,
1655 2519 1731 2566 Ad
1743 2518 1965 2566 Occiden-

293 2589 534 2653 talemKam'
543 2595 692 2658 ripam,
701 2591 777 2638 ubi
789 2591 992 2658 naufraga
1003 2590 1299 2654 saanepatan
1310 2592 1479 2638 initium
1488 2587 1673 2646 sumunt,
1687 2586 1773 2635 fita.
1812 2587 1967 2635 Ambi-

296 2674 359 2707 tus
371 2658 459 2721 ejus
476 2661 606 2727 sesqui
620 2662 733 2709 horae
744 2660 924 2727 spatium
936 2659 1463 2727 c01nple6titur,1noenibus
1473 2658 1582 2705 adeo
1591 2656 1735 2705 validis
1743 2694 1755 2716 ‚
1764 2670 1813 2704 ut
1823 2656 1967 2722 saepius

293 2730 554 2778 Tartaricam
572 2733 675 2785 vim,
687 2748 933 2796 quanquam
945 2732 1063 2778 irrito
1074 2733 1209 2785 exitu,
1220 2729 1435 2796 repulerit.
1470 2729 1585 2774 Intus
1595 2729 1740 2774 omnia
1749 2726 1968 2782 ruderum,

293 2795 622 2865 fragmentisque
633 2799 1091 2853 aedificiorumhorrida
1114 2837 1126 2859 ‚
1146 2802 1254 2847 inter
1266 2817 1368 2865 quas
1381 2795 1512 2845 multa
1523 2796 1662 2844 adhuc
1672 2795 1802 2862 prisca
1814 2813 1969 2843 monu-

113 2873 194 2904 Urbs
208 2871 280 2902 0¹im
299 2881 439 2912 menta
461 2871 679 2933 antiquam
698 2869 928 2935 loquantur
949 2869 1323 2936 magnificentiam.
1358 2864 1545 2931 Templa
1554 2866 1700 2931 passim
1713 2900 1726 2920 ‚
1749 2867 1794 2913 &
1808 2864 1969 2929 Pagodae

112 2914 267 2962 splendida

116 2959 251 2989 redinciis.

300 2935 355 2982 ad
376 2933 521 2982 laevam
540 2940 581 2983 in
602 2937 969 3005 insula,praecipuo
980 2939 1099 2987 cultu
1120 2956 1227 2986 unus
1237 2939 1377 3004 paucis
1389 2950 1488 2985 ante
1499 2938 1618 2983 annis
1632 2953 1775 2984 recens
1786 2933 1976 2992 strmstus,

303 3002 527 3069 multisque
546 3006 685 3053 statuis
707 3023 944 3058 exornatus
984 3006 1337 3072 Soluminaequali
1354 3005 1431 3054 situ
1447 3044 1458 3064 ‚
1480 3004 1697 3053 montibus
1706 3002 1968 3067 collibusque

305 3073 452 3138 paffim
465 3074 618 3123 editior
630 3111 642 3135 2
661 3076 736 3124 ubi
746 3077 896 3127 divites
907 3076 1177 3128 metallorum
1187 3095 1314 3127 venas
1331 3090 1438 3126 terra
1449 3074 1540 3124 smu
1551 3074 1627 3123 suo
1638 3072 1880 3126 abscondit,
1898 3071 1970 3118 sed

1869 3157 1971 3205 quas
