2083 3422
340 107 407 167 ad
417 108 735 192 Magnum
753 104 1013 167 *Tartariae
1033 111 1254 192 Sinaeque
1272 106 1532 186 [hamum.
1696 130 1763 181 67

91 219 137 265 8<
160 219 322 264 Ortum
344 213 522 280 specht,
540 214 729 261 universa
750 214 805 262 ab
829 216 945 279 aquis
965 215 1343 281 circumcingitur'5
1366 218 1558 280 quamvis
1584 232 1758 266 centum

90 288 136 334 8<
158 284 249 349 plus
268 284 395 331 leucis
417 287 439 330 Ξι
456 285 559 330 mari
579 283 724 337 distet,
746 281 1000 330 incredibilis
1022 283 1224 347 equidem
1245 287 1417 332 navium
1439 289 1563 351 copia
1587 288 1658 334 hic
1671 288 1758 335 affi-

87 355 173 402 due
185 355 403 419 reperitur,
414 351 526 398 urbis
537 350 864 418 Notapeliotem
876 369 998 398 mons
1007 387 1019 409 ,
1034 354 1107 416 qui
1127 352 1302 399 insulam
1321 356 1365 400 in
1377 355 1492 402 difflo
1510 355 1602 403 lacu
1614 358 1759 416 efficit,

86 427 133 472 8<
146 423 352 471 Austrum
364 439 485 468 mons
503 423 683 487 ,nglm
693 421 909 469 claudunt.
946 422 1206 469 Civitatibus
1218 425 1411 488 quinque
1417 424 1511 486 jura
1523 426 1596 472 dat
1605 463 1617 485 ,
1637 429 1758 490 Kieu-

84 493 218 559 kiang,
237 492 370 556 Tegmz
384 530 397 551 ,
422 499 485 542 X
485 492 659 557 nichang,
684 494 835 541 szkeu
849 527 861 549 ,
880 493 925 537 8<
950 491 1106 555 Pengce.

154 575 197 620 K
210 591 222 618 1
238 591 260 618 E
274 590 300 617 Ν
310 590 332 618 c
342 589 366 617 n
378 590 403 617 A
419 589 444 616 Ν
456 588 481 614 G
503 569 618 618 sexta
641 572 868 618 Provinciae
879 569 1138 635 Metropolis
1150 572 1258 618 intra
1280 573 1429 619 maenia
1442 571 1578 619 lacum
1592 573 1758 639 Kmqnei

80 641 325 700 concludit,
342 644 477 688 Lacus
489 658 590 687 vero
601 643 705 703 Kiao
717 654 836 688 extra
847 641 997 687 eadem
1009 639 1208 704 spatiosus
1219 643 1418 700 excurrit,
1426 660 1628 706 aquarum
1640 661 1757 693 com-

80 712 210 760 moda
224 729 299 777 per
310 709 573 758 canalesurbi
586 711 945 757 communicante.
980 707 1109 758 Urbis
1130 709 1346 758 Occasum
1366 728 1489 757 mons
1512 712 1756 761 Macnclau-

79 783 156 830 dit.
195 783 363 828 Caetera
383 779 527 827 fertilis
547 781 592 826 8<
615 797 772 827 amaena
791 781 935 846 Regio
946 778 1027 838 est,
1049 778 1247 845 praeclaro
1259 798 1395 844 oryzae
1410 795 1517 846 potu
1536 799 1635 829 cum
1649 785 1755 831 vinis

78 852 297 915 Europaeis
307 862 481 896 certans.
513 850 721 914 Qinque
732 851 1058 915 regitcivitates,
1081 848 1304 916 Kienchmig
1319 887 1332 910 ,
1344 851 1532 916 Sinching,
1545 851 1754 918 Naszfhng,

79 920 329 988 chhang,
349 919 467 968 Lulzi.

27 1018 30 1020 ’
146 1003 369 1047 Vucflssu
392 998 568 1064 septima
589 1000 819 1045 Provinciae
838 998 1119 1065 Metropolis,
1140 1000 1260 1061 cujus
1282 999 1597 1064 Barrolybicum
1618 1005 1752 1051 amnis

76 1068 245 1131 Lienfan
256 1068 500 1134 praeterfluit
513 1091 526 1127 3
542 1070 632 1133 ejus
642 1086 751 1133 aqua
762 1069 784 1114 a
798 1070 905 1116 Sinis
914 1087 993 1134 pro
1005 1068 1266 1135 Clypsedris,
1279 1084 1430 1135 utpote
1441 1073 1543 1118 aeris
1554 1075 1751 1119 mutatio-

74 1138 200 1186 nibus
220 1140 358 1185 mimis
378 1137 571 1186 obnoxia
587 1175 600 1198 ,
621 1155 705 1203 prae
728 1136 896 1202 reliquis
920 1141 1138 1204 expetitur
1157 1165 1170 1195 ‚-
1207 1157 1291 1203 qua
1324 1141 1554 1187 Orientem
1574 1141 1747 1206 speffiiat,

74 1222 227 1256 monte
240 1209 397 1274 Yangkiu
408 1208 597 1255 munitur
609 1244 621 1266 ,
639 1208 713 1273 qui
736 1207 922 1255 humana
943 1207 1097 1266 statua,
1118 1225 1196 1274 pro
1209 1210 1320 1255 varia
1332 1210 1435 1255 aeris
1455 1213 1663 1274 temperie
1682 1232 1751 1261 va-

75 1280 161 1325 rios
175 1277 381 1325 induente
401 1276 563 1325 colores
578 1314 590 1337 ,
617 1274 792 1324 celebris
810 1275 867 1323 est
889 1299 903 1336 3
941 1296 996 1324 ex
1019 1277 1172 1343 quibus
1193 1276 1345 1324 accolae
1360 1280 1517 1346 Jovem
1539 1277 1748 1338 serenum,

75 1346 144 1395 vel
162 1346 356 1413 pluvium
374 1348 629 1412 praedicunt:
652 1348 762 1393 inter
779 1346 916 1396 Fokien
933 1349 979 1395 8<
998 1351 1197 1414 Qntung
1217 1361 1404 1395 extrema
1426 1349 1552 1412 jacet.
1589 1353 1673 1397 Sex
1692 1354 1748 1398 ci-

74 1418 224 1465 vitates
252 1418 463 1464 territorio
486 1415 667 1464 includit
686 1454 700 1476 ,
741 1419 792 1464 V
782 1415 895 1463 ucheu
916 1449 931 1471 ,
960 1418 1126 1483 Cunggin
1147 1453 1159 1475 ,
1189 1417 1313 1481 [(ιήᾸὶ
1331 1453 1344 1476 ,
1378 1420 1412 1464 Y
1407 1418 1525 1483 hoang
1545 1454 1557 1477 ,
1588 1422 1746 1486 ngan,

73 1486 310 1552 [Tznglyiarg.

143 1566 183 1611 L
198 1582 209 1609 1
227 1581 254 1607 Ν
270 1581 298 1608 K
319 1581 449 1609 IANG
473 1563 622 1612 0&ava
642 1564 873 1611 Provincia:
892 1563 1176 1630 Metropolis,
1199 1563 1375 1612 insulam
1398 1566 1525 1613 Pehoa
1543 1567 1651 1615 intra
1673 1586 1745 1633 pa·-

72 1634 197 1680 rietes
217 1631 514 1698 compleffitur
533 1669 546 1692 ,
580 1631 649 1680 sed
679 1647 797 1680 extra
824 1633 975 1681 urbem
1003 1651 1140 1698 prope
1161 1636 1308 1681 maenia
1338 1633 1469 1682 insula
1500 1636 1678 1702 Kiafiagg
1698 1636 1752 1685 in'

71 1702 211 1749 fluvio
239 1704 313 1749 Can
334 1738 346 1760 ,
379 1704 423 1748 in
453 1703 574 1765 cujus
605 1701 769 1750 Boreali
789 1704 880 1768 ripa
906 1702 1016 1750 resta
1045 1703 1098 1750 ad
1122 1702 1334 1751 Occasum
1358 1704 1629 1769 praecedentis
1647 1706 1745 1753 urbs

71 1788 250 1819 amoeno
278 1771 463 1838 exsurgit
482 1770 570 1820 situ.
618 1773 799 1819 Boream
823 1772 913 1835 ejus
931 1789 1055 1818 mons
1073 1774 1200 1819 Comao
1215 1771 1393 1831 claudit,
1416 1775 1459 1821 in
1480 1791 1569 1838 quo
1588 1776 1744 1823 rariora

71 1841 268 1906 quaedam
289 1842 312 1888 ὲ
335 1843 441 1888 Sinis
451 1840 671 1888 observata
683 1839 798 1895 sunt,
818 1839 1272 1906 exquibusfeliciffima
1283 1841 1503 1890 somniant.
1541 1848 1743 1898 Qatuor

70 1909 308 1958 civitatibus
317 1909 411 1971 jura
422 1910 507 1958 dat.
545 1911 756 1975 Linlzimgg,
775 1910 924 1968 Sinkin‚
940 1913 1079 1974 Simjn,
1102 1912 1148 1957 8<
1173 1913 1391 1977 Hiakiang.

136 1988 182 2035 K
197 2006 210 2033 1
227 2005 286 2034 EG
299 2004 365 2033 AN
400 2005 518 2035 nona
539 1989 770 2035 Provinciae
789 1986 1049 2054 Metropolis
1070 2025 1082 2046 ,
1115 1990 1159 2035 in
1171 1989 1448 2037 Occidentali
1462 1989 1648 2037 fluminis
1669 1992 1744 2037 Can

67 2058 159 2123 ripa
170 2056 284 2119 jacet
298 2096 311 2116 ,
331 2056 406 2103 ubi
425 2060 614 2120 Xepatmz
638 2058 816 2105 infames
837 2055 998 2122 scopuli
1021 2059 1190 2104 initium
1206 2057 1366 2107 habent
1376 2077 1535 2107 novem
1554 2061 1744 2106 civitates

65 2126 357 2191 jurisdiffione
379 2125 448 2173 sua
467 2126 769 2192 complessiitur,
812 2125 991 2191 Iquan,
1014 2124 1137 2174 Tailyo
1150 2164 1162 2187 ,
1183 2127 1358 2188 Kt'exm',
1381 2133 1489 2195 szg
1514 2149 1587 2194 ung
1604 2164 1617 2188 ,
1640 2130 1742 2175 &ana

64 2196 106 2259 fo
119 2231 131 2255 ,
151 2197 371 2261 Lungciven
383 2232 394 2254 ,
415 2195 567 2261 szgan
576 2230 590 2250 ‚
611 2197 798 2263 Jungfin,
812 2197 1020 2262 Jungning.

136 2280 186 2325 X
199 2292 228 2321 υ
244 2293 257 2320 1
269 2292 292 2320 c
303 2293 328 2320 H
344 2293 367 2320 E
380 2293 409 2321 u
431 2274 595 2322 decima
608 2276 839 2322 Provinciae
851 2274 1130 2340 Metropolis,
1151 2294 1260 2324 voce
1272 2278 1364 2323 Xui
1374 2276 1429 2324 ab
1441 2277 1542 2324 aeris
1555 2275 1740 2323 clemen-

66 2346 125 2392 tia
144 2347 190 2392 8<
208 2361 406 2410 agrorum
414 2342 629 2391 fertilitate
647 2343 862 2391 fortunata
875 2343 1037 2391 dicitur:
1053 2343 1106 2390 ad
1120 2344 1441 2408 Barrolybicum
1452 2344 1565 2392 urbis
1576 2358 1741 2393 antece-

66 2414 205 2462 dentis
221 2415 336 2461 amni
349 2416 409 2461 H
409 2431 520 2479 oyang
531 2415 668 2460 vicina
680 2414 793 2478 jacet
804 2451 817 2473 ,
841 2426 986 2459 ortum
995 2411 1154 2460 claudit
1168 2431 1290 2461 mons
1309 2413 1427 2476 Taya.
1467 2416 1576 2462 Tres
1589 2432 1740 2462 nume-

69 2497 131 2530 rat
142 2486 330 2533 civitates
341 2482 522 2529 >hachen
533 2517 546 2537 ‚
567 2485 759 2549 Xmgcao
770 2517 783 2537 ,
806 2482 1003 2548 Sinchang.

137 2564 202 2630 Ju
217 2581 239 2608 E
252 2581 279 2608 N
291 2580 314 2608 c
325 2580 351 2608 H
366 2580 389 2607 E
401 2579 431 2608 u
467 2562 697 2609 undecima
717 2564 949 2610 Provinciae
970 2561 1230 2627 Metropolis
1254 2564 1486 2610 Provinciae
1508 2598 1520 2616 ‚
1543 2564 1740 2629 Hctquang

69 2630 336 2694 finitima,cuj
345 2649 389 2677 us
400 2634 562 2678 Ortum
574 2629 683 2679 lacus
694 2630 808 2696 Tung
817 2630 981 2695 respicit
994 2654 1007 2690 3
1030 2634 1166 2679 Lacus
1184 2635 1340 2698 Nsmgyo
1350 2650 1428 2697 pro
1439 2632 1542 2678 fossa
1554 2631 1647 2678 urbi
1668 2633 1741 2692 est,

70 2702 117 2747 8<
130 2702 236 2747 intra
247 2701 377 2766 ipsam
390 2719 467 2765 per
477 2699 634 2765 plateas
650 2700 812 2764 ubique
824 2702 996 2747 navium
1006 2703 1179 2766 patiens.
1214 2706 1415 2757 Quatuor
1432 2700 1508 2747 sub
1529 2700 1570 2747 se
1592 2703 1738 2749 civita-

70 2784 129 2817 tes
140 2767 268 2816 habet
280 2802 294 2823 ,
314 2769 503 2825 Juencheu
516 2805 528 2827 ,
549 2771 652 2816 Fuen
669 2789 673 2802 ¹
689 2806 701 2829 ,
719 2770 928 2834 Pinghing
940 2805 952 2826 ,
972 2772 1017 2817 8<
1038 2772 1088 2818 V
1079 2771 1193 2835 angui.

140 2849 182 2893 C
197 2864 223 2891 A
237 2864 264 2891 Ν
277 2864 300 2891 c
313 2864 338 2892 H
353 2865 374 2891 E
388 2863 417 2892 U
437 2847 698 2894 duodecima
718 2848 948 2895 Provinciae
968 2846 1229 2913 Metropolis
1246 2847 1300 2894 ad
1312 2847 1495 2896 duorum
1507 2848 1736 2896 fluminum

26 2976 28 2978 q
72 2918 198 2982 Chang
210 2917 255 2962 8<
269 2917 342 2962 Can
353 2916 617 2964 confluentes
623 2914 734 2978 jacet
747 2953 759 2976 ,
774 2918 847 2982 qui
859 2915 912 2962 ad
924 2930 1088 2980 partem
1101 2918 1349 2963 maeniorum
1367 2917 1588 2965 Borealem
1596 2917 1737 2965 diffusi

70 2985 210 3033 lacum
231 2981 471 3031 efformant.
517 2985 750 3033 Orientalis
771 2984 883 3032 urbis
901 3003 992 3049 pars
1010 2998 1159 3032 monte
1180 2983 1339 3032 Tiencho
1361 2988 1570 3053 cingitur,
1591 2989 1634 3034 in
1646 3003 1737 3052 quo

72 3055 203 3104 no&u
214 3052 287 3100 lux
300 3049 431 3101 veluti
443 3053 678 3103 carbonum
690 3053 959 3103 accensorum
970 3052 1176 3101 scintillat.
1210 3054 1461 3104 Duodecim
1472 3059 1582 3124 regit
1592 3059 1737 3104 civita-

1060 3125 1079 3169 Ι
1117 3140 1140 3169 2
1670 3138 1743 3183 tes,
