2114 3412
364 125 430 184 ad
438 128 747 210 Magnum
765 123 1018 185 Turturiae
1033 126 1256 209 Sinaeque
1270 123 1525 203 Chalinum.
1671 145 1693 182 1
1706 145 1725 182 1
1735 147 1765 192 9

109 247 214 282 trem
225 229 400 296 implere
411 231 735 295 permittuntur,
752 229 868 276 unde
891 242 1090 294 prompta
1108 247 1257 276 eorum
1272 231 1314 275 in
1327 230 1546 276 Dominos
1558 225 1764 277 obedien-

109 304 179 350 tia.
213 298 379 347 Nechae
391 334 405 354 ,
427 300 580 345 mirum
601 297 737 355 ἀίἃυ,
759 297 929 344 Caesaris
951 315 1096 344 annuo
1115 297 1277 345 tributo
1293 313 1514 364 exemptae.
1547 297 1652 345 Inde
1665 316 1757 363 pre-

107 373 218 417 cium
231 367 374 416 avibus
389 404 402 427 ,
427 380 554 433 prout
572 366 734 414 artificii
755 366 878 430 hujus
894 366 1068 413 affuetae.
1114 369 1252 415 Unica
1263 366 1367 432 saepe
1379 368 1682 432 quinquaginta
1702 385 1761 414 ar

108 442 225 506 genti
238 437 383 484 Toelis
404 437 600 494 vendita,
626 454 718 500 quae
730 450 902 482 centum
921 437 966 482 8(
985 436 1291 501 quinquaginta
1313 437 1474 482 circiter
1493 436 1676 482 fiorenos
1696 454 1763 483 va·-

104 507 206 556 lent.
242 507 562 553 Senexincanus
579 504 793 569 piscator
777 522 799 550 a
822 503 944 551 nobis
964 517 1152 570 rogatus:
1168 505 1278 552 Num
1300 505 1469 550 venales
1458 503 1525 567 1in
1542 505 1631 550 tales
1649 518 1758 562 aves,

109 580 155 624 δεῖ
172 575 231 622 ubi
246 577 492 636 insectentur,
513 575 683 639 negavit
703 573 769 619 se
761 575 806 618 lis
824 590 963 620 carere
985 571 1115 628 velle,
1133 573 1252 638 quod
1274 571 1442 619 illorum
1464 587 1620 619 venatu
1643 574 1760 621 fami<-

105 645 205 693 liam
225 642 365 690 aleret.
415 646 596 708 Originem
617 660 740 688 eurum
760 656 827 688 aut
840 642 1054 704 patriamse
1075 643 1259 707 ignorare,
1283 659 1306 686 a
1334 640 1525 705 majoribus
1542 640 1592 687 ad
1601 643 1639 701 se
1647 642 1760 688 haere»

104 715 222 761 ditate
239 709 460 775 tranfhu'ffm
472 748 484 770 ,
496 729 617 777 gener
608 728 668 756 ire
687 711 768 757 illM
791 745 803 768 ,
808 709 888 773 sed
903 711 1000 756 lenta
1018 728 1060 756 uc
1077 711 1251 757 diuturni
1272 712 1529 773 expfflatione.
1566 710 1761 758 Piscatori

103 795 319 848 capturam
326 779 414 828 fere
423 799 478 827 ex
487 778 778 845 carpionibus,
797 796 980 844 quorum
992 778 1184 826 nonnulli
1193 778 1462 857 longitudine
1470 778 1600 842 sesqui
1609 777 1762 857 spitha-

104 870 183 899 mae
194 853 239 899 8(
249 849 336 897 fere
347 848 493 896 libram
507 849 788 914 ponderantes
796 849 937 913 pretio
948 846 1242 912 persolvimus,
1258 850 1448 896 novitate
1459 850 1518 894 rei
1529 850 1573 896 8(
1586 850 1762 897 miracu-

103 920 150 968 lo
158 919 269 967 haud
286 936 435 983 parum
454 917 682 966 exhilarati
1450 954 1452 957 .

175 986 362 1034 Similem
369 986 555 1066 piscandi
567 986 744 1033 modum
756 988 917 1043 Joannes
931 978 1105 1044 Gonzala
1113 986 1156 1033 de
1170 987 1224 1033 M
1227 987 1385 1048 endozes
1406 988 1544 1052 capite
1556 984 1760 1054 vigesimo

102 1057 289 1106 secundo
298 1055 391 1104 l1br1
403 1073 527 1121 primi
539 1072 664 1121 partis
677 1051 867 1102 secundae
887 1053 1080 1102 Historiae
1101 1054 1276 1102 Sineniis
1287 1089 1299 1110 ,
1319 1055 1542 1121 postquam
1554 1056 1760 1103 admiran-

102 1127 207 1175 dum
218 1143 275 1173 ex
284 1126 374 1172 ovis
382 1138 519 1172 anates
529 1123 840 1172 excludendi&
852 1122 1063 1171 educandi
1076 1124 1300 1171 artificium
1312 1123 1594 1202 explicuisset,
1613 1117 1761 1172 destri-

91 1195 169 1253 ¹bit
188 1193 249 1240 his
268 1192 433 1242 verbis:
471 1193 694 1240 Educationi
710 1207 861 1239 anatum
883 1191 1029 1255 quidim
1045 1206 1087 1255 p
1075 1192 1246 1255 stationis
1263 1193 1386 1239 modus
1395 1193 1544 1258 indust}
1533 1212 1567 1239 ta
1576 1212 1644 1240 non
1653 1194 1755 1240 cedit

103 1268 153 1312 In
156 1263 312 1328 fintrults
330 1262 569 1316 civitatibus,
601 1279 713 1328 un
711 1260 820 1313 fluvii
832 1262 974 1309 alluunt
990 1295 1003 1319 ‚
1038 1261 1133 1324 Rex
1153 1262 1274 1308 domos
1287 1261 1414 1320 habet,
1431 1262 1603 1326 inquibus
1619 1275 1774 1321 c0r1’05‚'

101 1351 187 1400 quos
196 1350 349 1379 marinos
358 1343 515 1390 vocant,
532 1317 713 1392 numerose
720 1331 787 1377 alit
799 1365 811 1388 ‚
829 1349 889 1395 qui
884 1330 991 1388 illis,
1010 1330 1133 1395 quibus
1148 1331 1257 1393 pisces
1267 1344 1341 1378 ova
1351 1332 1543 1394 projiciunt
1556 1364 1570 1385 ,
1585 1330 1758 1395 mensibus

101 1403 154 1449 ad
183 1415 221 1464 p
211 1404 412 1464 stationem
430 1367 642 1447 adhibentur
658 1399 723 1445 hoc
742 1399 873 1445 modo:
906 1393 1052 1459 Corvos
1070 1418 1088 1445 e
1107 1403 1230 1446 caveis
1239 1400 1381 1447 edufflos
1390 1400 1443 1445 ad
1438 1400 1635 1463 fluminum
1645 1414 1759 1463 ripen,

101 1471 152 1517 ad
170 1489 258 1535 quas
275 1470 440 1517 multM'
427 1486 463 1514 uz
481 1466 608 1514 circulo
619 1466 775 1531 scaphas
792 1484 887 1532 aqua
906 1464 1116 1529 semiplenas
1135 1468 1390 1533 constituerunt
1406 1504 1419 1527 ‚
1431 1482 1607 1531 portant,
1624 1471 1759 1533 illisque
1823 1503 1825 1505 .

105 1537 328 1604 longamsub
347 1540 413 1584 alis
425 1536 520 1583 cord
519 1555 571 1582 mz
592 1538 813 1583 annetientes
832 1569 846 1590 ,
882 1535 1128 1601 arflantefilue
1136 1535 1208 1600 filo
1218 1535 1382 1601 fauces,
1408 1556 1452 1584 ne
1464 1538 1646 1600 pisciculi
1632 1557 1669 1584 in
1680 1538 1758 1602 sto

105 1609 269 1655 maehum
286 1606 479 1653 illabantur
488 1639 503 1660 ,
516 1606 707 1670 projiciunt
725 1609 763 1651 in
784 1622 922 1670 ciun,
946 1605 981 1650 in
1002 1622 1092 1668 un
1111 1604 1221 1652 avide
1228 1603 1275 1669 ft
1285 1606 1522 1671 demergunt
1541 1606 1648 1653 donec
1657 1606 1759 1673 quid

106 1677 220 1742 quid
208 1691 302 1722 inter
320 1676 469 1740 rostrum
491 1678 533 1721 ξς
538 1672 582 1739 s
566 1690 634 1737 tp}
635 1692 751 1722 emum
759 1674 988 1739 stomachum
1008 1675 1215 1739 interjacet,
1231 1689 1270 1737 p
1258 1673 1402 1736 sticults
1411 1676 1661 1737 impleverint
1671 1691 1757 1721 tunc

105 1746 228 1794 eadem
247 1746 375 1791 celent
377 1756 426 1790 tte
448 1759 663 1809 emergentes
691 1747 727 1789 in
753 1759 867 1806 aun
883 1743 1029 1805 scaphae
1045 1755 1182 1806 captur
1172 1761 1232 1790 tm
1251 1755 1461 1803 evomunt,
1498 1756 1612 1791 vacuo
1637 1743 1759 1790 deinde

97 1828 254 1880 gutture
270 1812 500 1876 pfiationem
521 1827 675 1878 quatuor
694 1812 804 1859 horM
817 1813 914 1875 fiaepe
934 1816 1143 1859 reiterantes
1162 1849 1174 1871 ,
1194 1812 1300 1858 donec
1314 1813 1448 1878 justum
1465 1810 1611 1892 pycium
1637 1830 1759 1859 nume»

105 1902 188 1931 rum
207 1882 417 1945 scaphurum
442 1885 542 1945 aquis
560 1880 769 1942 infitdert'nt.
813 1880 915 1926 Tum
929 1879 1088 1927 liberatis
1096 1881 1169 1943 filo
1175 1881 1347 1945 fizuclbus
1368 1880 1536 1945 effidem
1523 1901 1560 1929 m
1577 1899 1688 1945 aquas
1707 1880 1763 1926 ad

100 1951 327 2031 piscationem
334 1949 404 2011 fito
412 1949 646 2013 servituram
663 1950 850 2003 alimento,
868 1968 936 2015 quo
951 1948 990 1994 oh
1008 1950 1216 2012 pridianum
1227 1986 1239 2009 ‚
1254 1950 1351 2017 quod
1366 1968 1470 2016 agere
1480 1949 1760 2014 coafflfuerunt,

102 2023 281 2087 jejunium
305 2023 440 2084 egregie
467 2018 663 2085 indigent,
698 2022 902 2065 remittunt.
947 2020 1015 2063 Ita
1042 2022 1150 2065 tertio
1167 2037 1303 2086 quoque
1319 2020 1379 2066 die
1391 2034 1459 2082 per
1480 2038 1594 2067 omnes
1612 2018 1759 2080 mensis,

105 2090 229 2156 quibus
250 2090 363 2135 durat
376 2087 560 2151 piscatio,
586 2086 637 2133 ad
650 2090 864 2135 exercitium
882 2086 1058 2134 redeunt.
1096 2088 1162 2135 Illo
1181 2104 1303 2135 autem
1324 2090 1495 2153 trimestri
1516 2107 1599 2135 eam
1616 2091 1760 2153 capiunt

99 2157 343 2236 pisciculorum
362 2157 649 2211 abundantium,
668 2171 711 2203 ut
717 2157 789 2220 fito
808 2170 965 2220 tempore
982 2160 1124 2222 integro
1134 2155 1183 2219 s
1172 2155 1344 2223 ffictunt
1361 2174 1470 2223 atque
1488 2176 1617 2222 exiguo
1638 2157 1760 2203 admo

105 2230 193 2275 dum
206 2231 345 2290 pretio,
370 2225 501 2290 Regno
513 2261 525 2284 ‚
532 2224 804 2291 stippetantque
815 2226 897 2271 locis
904 2201 1080 2290 semper0
1063 2226 1176 2288 pffces
1198 2239 1352 2273 recentes
1373 2232 1480 2274 etium
1500 2227 1524 2272 a*
1541 2231 1633 2272 mari
1648 2244 1760 2272 remo-

104 2312 134 2343 ti
167 2314 262 2343 imis.

130 2296 416 2411 ssDiversoria
432 2361 589 2429 singula
601 2359 750 2410 Mus
705 2379 772 2408 cis
788 2360 1038 2427 scenicisque
1059 2363 1266 2410 adomnia
1279 2361 1548 2428 voluptatum
1562 2365 1760 2410 exercitia
1779 2369 1916 2401 Diverso-

106 2452 182 2499 per
192 2451 324 2499 pagos
342 2431 573 2479 abundant.
609 2431 844 2485 Comoedi,
860 2430 963 2477 dum
984 2429 1168 2495 hospites
1186 2431 1490 2486 convivantur,
1510 2431 1760 2497 multiplices
1777 2421 1903 2494 ἓῗῑξὲἶῖ

105 2502 314 2568 pretioso,
333 2515 380 2548 ut
398 2500 597 2554 videtur,
630 2499 803 2559 habitu,
836 2501 881 2547 8(
892 2498 1118 2565 qualesipsi
1139 2499 1321 2565 (adsunt
1331 2503 1447 2548 enim
1458 2500 1578 2565 libri)
1601 2500 1760 2548 defide-
1777 2494 1897 2568 ἧζζῇζὲ

109 2585 226 2630 rant,
242 2568 410 2635 proffite
428 2572 680 2622 recitantur,
699 2586 805 2616 voce
813 2567 1065 2634 plerumque
1082 2587 1258 2629 canora,
1278 2572 1324 2618 8(
1335 2570 1525 2618 tremula.
1559 2572 1673 2617 Tam
1689 2569 1762 2618 vili
1900 2558 1906 2568 ⁴

109 2642 252 2686 omnia
263 2641 330 2687 hic
341 2640 479 2704 pretio
490 2652 692 2696 veneunt,
700 2652 748 2685 ut
757 2637 848 2684 duo
856 2639 978 2684 Maas
988 2674 1001 2697 ,
1009 2638 1128 2702 quod
1140 2637 1401 2688 Hollandicae
1411 2653 1592 2687 monetae
1602 2640 1765 2687 duode-

110 2709 194 2754 cim
204 2707 373 2755 stuferos
384 2709 471 2756 fere
492 2720 652 2773 aequat,
671 2705 783 2754 laute
794 2705 1013 2755 tra&arent
1022 2706 1261 2773 hospitem,
1283 2708 1398 2756 nulla
1407 2723 1604 2775 praeterea
1621 2709 1664 2755 in
1674 2711 1764 2755 Co-

112 2775 277 2823 moedos
289 2775 478 2842 impensa
491 2816 506 2838 ,
524 2778 646 2843 quod
664 2775 787 2823 nobis
803 2777 1012 2840 praecipue
1029 2778 1183 2825 mirum
1205 2777 1451 2838 videbatur,
1468 2778 1583 2824 unde
1606 2779 1653 2825 &
1673 2796 1765 2844 pre-

111 2844 308 2892 tiosarum
327 2845 501 2894 vestium
520 2849 564 2895 &
586 2845 800 2911 reliquum
827 2857 1074 2910 apparatum
1107 2860 1194 2894 tam
1224 2848 1384 2912 exiguo
1412 2846 1530 2937 lucro
1552 2849 1767 2912 acquirere

115 2913 294 2979 poffunt.

187 2983 358 3049 Cinninga
387 2980 517 3030 altero
534 2983 604 3032 die
626 2981 885 3032 discedentes
915 3001 1046 3050 pagus
1079 2985 1127 3030 N
1138 2986 1180 3031 A
1193 2986 1239 3032 N
1252 2986 1319 3031 W
1330 2987 1373 3031 A
1384 2987 1403 3031 I
1416 2986 1463 3032 G
1496 2984 1552 3032 ad
1572 2982 1770 3032 sinistram

116 3052 240 3118 Juni,
261 3051 335 3100 ubi
350 3051 483 3100 fluvio
495 3055 605 3101 Luen
616 3051 808 3102 miscetur
817 3087 832 3109 2
851 3054 1032 3118 excepit.
1069 3054 1183 3101 Mira
1195 3051 1317 3102 nobis
1324 3054 1599 3103 Tartarorum
1618 3056 1772 3120 pariter

1567 3125 1612 3170 &
1626 3125 1774 3170 Sinene³
