2150 3370
155 830 259 863 Kamo-

131 879 201 897 7ἱλὶΙ1
216 877 268 908 ΠΡ-

131 910 256 950 pellunt.

153 1315 258 1355 Legati

128 1362 226 1386 navim

128 1397 249 1430 exsccn0

129 1439 212 1471 dunt.

150 2198 285 2228 Termini

128 2239 290 2270 Provinciae

125 2284 288 2322 Qantimg.

130 2624 283 2657 Fertilitas.

329 108 388 158 38
703 87 1014 169 Patri-prima
1034 85 1316 171 Legationis
1335 87 1602 147 &Batavicae

318 198 501 245 duorum
513 192 700 242 'millium
720 190 944 239 latitudine
964 191 1157 257 paffuum
1178 189 1419 257 complures
1440 189 1603 238 ambitu
1616 187 1852 237 suoinsulas
1869 208 1989 238 com-

318 260 804 332 pleffitui·‚ja&is,laevam
817 259 953 308 versus
962 264 1109 309 turrim
1121 259 1219 308 colli
1231 259 1651 325 impositam,novem
1662 260 1992 325 contignationi-

318 336 395 382 bus
405 332 733 398 superbientem,
742 329 1051 396 conspeximus.
1090 329 1297 394 Ejusdem
1308 331 1485 396 generis,
1496 331 1542 376 &
1556 327 1635 376 alia
1647 330 1671 376 ὲ
1683 347 1727 376 re
1762 330 1862 376 ione
1872 330 1991 392 Kan-

317 419 411 450 tonae
433 404 477 448 in
498 403 654 467 exigua
675 400 715 448 se
735 399 1016 465 spectantibus
1043 400 1197 464 objicit
1216 399 1359 447 insula.
1405 397 1530 447 Vasta
1553 411 1650 445 toto
1670 347 1804 446 traffiu
1822 398 1992 464 pascua,

316 470 486 536 sataque
497 469 838 517 commeantibus
848 486 939 515 non
950 482 1117 516 tantum
1139 469 1192 516 ad
1205 467 1473 517 voluntatem
1486 504 1498 528 ,
1517 465 1587 514 sed
1600 470 1645 516 8<
1658 467 1804 515 incolis
1820 469 1992 516 necessi-

317 543 393 588 tati
409 539 655 605 explendae,
676 537 918 604 opibusque
927 538 1205 603 congerendis
1226 537 1465 596 sufficiunt,
1491 536 1750 585 creberrimis
1764 537 1864 585 hinc
1890 538 1991 587 inde

318 612 435 676 pagis
447 607 956 658 numerosamincolarum
967 606 1289 655 multitudinem
1302 605 1621 654 ostentantibus.
1666 606 1876 672 Duplices
1899 627 1991 656 uno

318 680 608 738 annomeffes,
631 691 788 743 quanta
802 675 874 724 soli
887 677 1141 725 foecunditas
1154 675 1203 724 fit
1211 711 1226 733 ,
1256 677 1412 743 stipatis
1424 689 1638 741 proventu
1649 675 1806 724 horreis
1815 676 1989 727 felicita-

320 764 407 796 tem
421 749 604 815 regionis
621 747 937 795 commendant.

387 822 550 874 Qarta
572 815 833 882 Septembris
854 815 1078 877 Kmtonam
1101 815 1264 883 appulsi
1275 850 1289 871 ,
1308 833 1437 882 quam
1449 812 1517 863 alii
1531 816 1731 883 chcclsen
1749 817 1991 877 nominant,

318 890 467 953 Caput
488 886 555 934 illa
577 887 806 933 Provincia:
828 889 1037 951 Qnttmg.
1071 886 1250 934 Peraffis
1265 887 1321 934 ad
1338 887 1490 932 Deum
1500 885 1716 949 precibus,
1737 899 1784 933 ut
1796 885 1992 934 distinata

316 956 584 1016 secundaret,
609 973 707 1003 curn
732 953 900 1021 fingulis
916 955 1020 1019 jussa
1033 957 1078 1003 &
1091 957 1383 1021 imperia,quae
1393 954 1683 1014 observarent,
1705 954 1924 1004 distributa
1936 955 1994 1004 es-

316 1022 406 1074 sent
420 1062 431 1083 ,
453 1025 535 1074 alta
555 1027 694 1074 adhuc
712 1026 783 1073 die
794 1028 979 1093 Legatos
1000 1027 1293 1073 convenimus.
1329 1023 1670 1090 Hospitabantur
1688 1023 1746 1072 illi
1767 1023 1993 1090 splendida

316 1096 404 1142 aede
426 1095 593 1143 flumini
614 1093 770 1153 adfita,
792 1113 887 1161 quae
907 1093 1013 1141 olim
1034 1093 1273 1160 Templum
1290 1096 1438 1144 fuerat.
1480 1095 1592 1141 Duo
1617 1094 1863 1142 Mandarini
1878 1095 1991 1160 juffu

317 1167 510 1231 Proregis
521 1164 727 1212 militibus
744 1164 881 1230 stipati
892 1177 1061 1229 portam
1072 1201 1085 1225 ,
1109 1181 1165 1212 ne
1174 1182 1259 1231 qua
1269 1167 1329 1212 vis
1343 1178 1417 1212 aut
1428 1164 1583 1230 injuria
1592 1163 1734 1225 fieret,
1751 1163 1925 1214 sollicite
1943 1167 1992 1214 δε

316 1234 506 1282 officiose
519 1234 826 1283 custodiebant.

385 1306 474 1352 Vix
485 1304 702 1370 appulerat
711 1307 841 1365 navis,
849 1321 948 1352 cum
961 1307 1128 1372 Legati,
1138 1307 1409 1372 quantumvis
1420 1304 1682 1366 reluctanteS,
1691 1307 1735 1353 in
1745 1322 1842 1353 eam
1851 1306 1991 1353 redire

313 1374 419 1438 jussi.
458 1373 797 1423 Obtendebatur
814 1397 826 1434 3
850 1376 909 1421 Ita
930 1376 1061 1423 Sinicls
1084 1389 1262 1439 receptum
1272 1375 1425 1442 legibus,
1443 1395 1487 1423 ne
1497 1378 1560 1424 ulli
1571 1379 1737 1442 Legati,
1750 1374 1991 1440 nisiexpreſjo

316 1447 557 1506 Imperatoris
571 1444 777 1501 Mandat'o,
788 1445 1036 1492 Kantonam
1047 1445 1296 1492 inhabitarent
1306 1481 1318 1504 ,
1328 1460 1428 1492 metu
1433 1447 1593 1509 periculi,
1602 1445 1703 1511 quod
1710 1444 1734 1492 ci
1742 1447 1992 1492 tumultuante

310 1513 413 1575 plebe
433 1517 519 1560 oriri
535 1515 675 1578 posset,
697 1516 739 1560 &5
755 1512 956 1577 Praefeeios
967 1513 1071 1577 apud
1079 1516 1297 1582 Magnum
1307 1514 1527 1562 Chamum
1549 1513 1802 1579 inexctfizbiles
1820 1514 1992 1576 reddere,

316 1582 604 1646 ‹luodsecuritati
620 1584 851 1648 Legatorum
871 1599 939 1630 non
954 1582 1367 1648 prospexffintmelius.
1409 1586 1565 1650 Legati
1584 1587 1628 1631 in
1651 1586 1795 1632 navim
1816 1583 1990 1632 reduces

313 1651 593 1700 Mandarinos
604 1648 840 1716 Poetfienſsn,
851 1655 914 1700 H
911 1667 1142 1718 eytonumque
1153 1652 1289 1701 literas
1303 1653 1408 1701 fidei
1419 1653 1642 1720 resignatas
1658 1652 1898 1713 afferentes,
1917 1671 1991 1702 ex-

312 1736 639 1787 ceperunt,cum
654 1720 732 1768 hac
743 1721 1016 1769 excusatione
1036 1740 1046 1767 ε
1083 1722 1182 1771 Non
1202 1725 1338 1770 licitum
1353 1724 1574 1790 Proregibus
1587 1724 1780 1789 accipere
1790 1722 1881 1782 ,vel
1893 1725 1990 1773 reti-

313 1808 414 1837 nere
423 1789 557 1837 literas
568 1791 820 1857 peregrinas,
828 1791 1026 1839 nondum
1041 1792 1209 1858 ‘Pekinga
1221 1790 1379 1858 placito
1392 1795 1659 1858 Imperatoris
1668 1791 1809 1841 allato.
1829 1796 1991 1842 Mune-

311 1876 357 1906 ra
370 1859 503 1905 Clmmo
516 1867 663 1926 Magno
683 1859 885 1910 destinata
895 1862 1050 1909 iterum
1062 1861 1248 1928 inspei‘ta
1265 1860 1537 1922 sustulerunt,
1559 1876 1690 1928 atque
1700 1864 1756 1911 ita
1769 1861 1987 1911 discessum

311 1927 405 1975 fuit.

384 2000 752 2067 Qandoquidem
765 2001 936 2063 Kanton,
945 2003 1141 2069 primaria
1152 2003 1418 2052 duodecimae
1431 2004 1663 2053 Provinciae
1677 2005 1878 2072 sztung
1887 2005 1988 2051 Me—

314 2067 577 2133 t1·opoli5,hic
587 2072 727 2135 primo
741 2073 784 2117 in
796 2074 945 2120 itinere
956 2071 1100 2119 nostro
1111 2074 1347 2137 occurrit,ej
1353 2092 1399 2121 us
1416 2073 1760 2140 descriptionem,
1770 2075 1814 2121 in
1822 2074 1988 2121 univer-

312 2135 380 2183 sali
400 2140 714 2187 Provinciarum
725 2142 899 2206 Imperii
912 2143 1040 2189 Sinici
1049 2143 1328 2210 Geographia
1340 2143 1530 2191 omissam
1542 2179 1554 2202 ,
1569 2144 1659 2208 jam
1677 2143 1881 2202 ordimur.

392 2209 589 2275 Qntung
600 2208 654 2256 ad
666 2210 954 2258 Occidentem
967 2214 1148 2280 Qanglt,
1160 2213 1215 2260 ad
1226 2215 1405 2261 Boream
1415 2215 1460 2261 &
1473 2212 1792 2278 Barrolybicum
1803 2212 1987 2279 Kiaszgsi,

313 2273 416 2322 serie
427 2280 641 2325 montium
652 2293 860 2344 perpetua
872 2281 1184 2342 intercedente,
1198 2282 1251 2329 ad
1263 2281 1592 2349 Barrapeliotem
1602 2283 1754 2342 Fokien,
1766 2283 1987 2330 montibus

314 2343 464 2391 itidem
488 2349 705 2413 praeruptis
726 2350 772 2396 8<
792 2348 929 2397 fluvio
947 2349 1049 2416 Ting
1066 2351 1199 2399 cincta
1212 2390 1225 2410 ,
1253 2351 1384 2400 habet
1403 2372 1412 2398 :
1433 2366 1579 2400 caetera
1605 2355 1809 2399 Oceanus
1828 2350 1986 2410 ambit,

312 2413 429 2460 unde
440 2414 638 2478 portuosa
652 2450 665 2470 ,
687 2419 732 2465 8<
753 2417 951 2482 frequens
969 2421 1156 2467 navium.
1198 2422 1342 2487 Regio
1356 2421 1507 2486 paffim
1531 2435 1735 2479 montana
1749 2423 1795 2468 &
1815 2437 1986 2487 campe-

313 2480 397 2529 stris
415 2482 593 2544 alicubi,
612 2488 797 2533 maxime
818 2488 862 2532 in
876 2486 1079 2534 Austrum
1088 2489 1337 2538 montosa&
1349 2489 1538 2556 rupicosa
1549 2526 1562 2550 ,
1582 2490 1701 2555 quod
1713 2491 1984 2556 peregrinan-

313 2564 373 2597 tes
392 2570 482 2598 non
501 2552 661 2619 absque
672 2554 861 2602 molestia
872 2555 1070 2604 sentiunt.
1091 2560 1309 2606 Omnium
1322 2560 1457 2620 ferax,
1470 2578 1563 2625 quae
1574 2574 1721 2607 natura
1734 2558 1801 2606 vel
1814 2577 1876 2606 ars
1886 2578 1985 2625 pro-

313 2620 441 2668 ducit.
479 2627 598 2689 Ager
610 2622 674 2670 bis
685 2641 800 2671 anno
811 2624 1155 2685 serituS,totidcm
1166 2628 1322 2676 messes.
1356 2632 1545 2694 Hyemes
1562 2626 1720 2694 absque
1740 2646 1900 2694 magno
1917 2628 1986 2677 fri-

313 2705 419 2754 gore
430 2727 443 2748 ,
479 2693 596 2740 unde
617 2692 851 2758 proverbio
881 2696 991 2742 Sinae
1010 2695 1158 2745 dicunt
1193 2716 1202 2743 :
1240 2699 1317 2745 tria
1348 2717 1438 2746 rara
1458 2700 1504 2746 &
1525 2696 1688 2746 insitata
1706 2700 1751 2746 in
1787 2702 1986 2766 Quanttmg

312 2755 395 2803 effe
416 2775 425 2801 ε
450 2755 590 2820 [oelum
603 2763 686 2828 sine
703 2762 860 2818 nivibus,
871 2763 1014 2812 arbores
1025 2780 1101 2813 toto
1113 2785 1204 2813 anno
1218 2766 1364 2828 virides,
1374 2770 1417 2815 &3
1426 2765 1769 2832 incolasfimguinem
1779 2782 1984 2832 expuentes.

313 2827 432 2871 Nam
444 2827 631 2875 nullaeibi
644 2832 776 2891 nives,
788 2831 890 2880 folia
900 2833 1100 2883 arborum
1111 2835 1276 2902 semper
1287 2836 1436 2884 viridia
1447 2872 1459 2895 ,
1478 2839 1523 2884 &
1535 2837 1744 2903 indigenae
1753 2836 1813 2883 ob
1833 2856 1984 2904 perpe-

314 2906 431 2940 tuam
443 2897 815 2948 manducationem
824 2903 950 2949 Betele
961 2905 1007 2951 &
1017 2907 1147 2956 Arekae
1165 2922 1265 2952 cum
1275 2904 1389 2952 calce
1400 2907 1496 2954 viva
1504 2904 1675 2971 sputum
1684 2906 1988 2968 rubicundum,

315 2978 522 3041 expuunt.
537 2969 724 3033 Magnus
733 2973 835 3029 auri,
844 2989 892 3019 ac
902 2990 1180 3039 gemmarum,
1188 2976 1415 3034 unionum,
1423 2973 1554 3030 serici,
1564 2979 1727 3041 argenti
1738 2977 1840 3036 vivi,
1850 2979 1988 3042 cupri,

312 3029 515 3097 chalybis,
525 3034 760 3098 ferri‚nitri,
775 3038 878 3104 ligni
889 3040 1090 3107 aquilini,
1112 3046 1158 3092 δε
1176 3042 1349 3093 aliarum
1361 3042 1668 3094 odoriferarum
1680 3058 1926 3113 proventus,
1976 3073 1979 3075 ·

1845 3116 1985 3181 Popu-

2113 946 2150 1125 A
