2150 3370
407 161 475 221 ad
484 166 803 249 Magnum
818 162 1078 226 Tartariae
1095 170 1317 253 Sinaeque
1334 168 1595 248 Chamum.

714 304 736 311 ,ι
757 300 906 312 q-,z-ff—
917 297 935 306 „x

482 328 519 329 Π
556 340 843 387 Legatorum
897 330 1151 386 Hospitium

131 1613 301 1645 morum
320 1594 530 1643 alacritate
541 1630 553 1653 ,
572 1609 621 1642 ut
638 1593 697 1642 nil
708 1593 783 1642 nisi
796 1594 961 1644 firmam
972 1632 985 1656 ‚
997 1594 1216 1661 fidamque
1227 1597 1456 1644 amicitiam
1467 1597 1630 1663 sperare
1651 1601 1794 1665 posses.

126 1665 448 1714 Deduffisinde
459 1666 482 1711 εὶ
496 1663 670 1730 Tutango
683 1666 854 1732 Legatis
864 1668 1021 1733 magna
1033 1665 1213 1713 domum
1232 1684 1394 1731 pompa
1407 1703 1419 1726 ‚
1433 1663 1513 1732 'qui
1526 1686 1629 1716 mox
1641 1684 1796 1735 potum

126 1735 249 1783 suum
263 1754 317 1782 ex
329 1735 533 1802 argenteis
544 1732 700 1799 lagenis
709 1734 1144 1800 promi‚exhiberique
1153 1733 1328 1798 juffit‚ac
1338 1734 1468 1784 salute
1481 1738 1591 1786 dieta
1598 1738 1794 1804 scapham

127 1803 373 1851 conscendit
385 1841 397 1863 ‚
418 1805 463 1851 &
475 1802 528 1850 ad
542 1801 705 1851 claffem
717 1804 832 1852 suam
844 1804 1031 1852 revectus
1040 1804 1108 1854 est.

168 1912 172 1915 ,
196 1875 322 1920 Dum
335 1875 391 1920 ita
406 1873 460 1919 ad
479 1871 696 1938 Pekingenft
711 1890 788 1920 nos
807 1875 886 1921 iter
896 1891 1115 1940 paramus,
1134 1876 1293 1922 Prorex
1303 1876 1456 1943 Junior
1467 1877 1792 1941 expeditionem
1834 1899 1943 1942 Junior

125 1956 274 1990 contra
286 1940 487 1989 rebellem
498 1943 766 1990 Provinciam
782 1945 945 2010 Qangsi
958 1942 1217 2008 suscepturus
1238 1943 1313 2010 (ea
1333 1946 1495 2010 quippe
1517 1951 1656 2011 Magni
1672 1947 1795 1994 Chami
1812 1942 1929 1974 Pm‘ex

125 2013 351 2078 imperium
368 2024 604 2058 contumax
625 2009 878 2078 spernebat)
912 2011 1238 2079 copiosrffimam
1260 2017 1450 2076 Kantonae
1469 2013 1634 2061 classem
1656 2054 1672 2076 ,
1708 2035 1793 2083 qua
1810 1983 1950 2058 &gera-d

126 2083 361 2128 exercitum
370 2081 638 2128 Tartaricum
650 2083 953 2140 transfretaret,
973 2085 1199 2130 contraxit.
1235 2084 1387 2132 Erech
1410 2084 1558 2149 paffim
1571 2098 1668 2132 toto
1679 2084 1793 2134 litto-
1809 2068 1933 2139 {hirim-

126 2168 171 2198 re
187 2149 436 2198 creberrima
452 2151 657 2205 tentoria,
677 2150 753 2198 sub
765 2151 917 2216 quibus
929 2153 974 2200 8<
988 2154 1154 2200 Seniori
1168 2155 1360 2219 Proregi‚
1375 2156 1420 2201 8<
1439 2153 1654 2202 nobilibus
1674 2171 1793 2205 caete-
1807 2150 1936 2224 ἕξξζξξζῖ

125 2220 261 2285 risque
272 2219 524 2267 validiccret.
553 2219 645 2285 Ipse
653 2220 849 2285 spadiceo
859 2220 1085 2269 conscenso
1096 2240 1225 2287 eqUO‚
1236 2223 1399 2282 habitu,
1407 2223 1631 2288 Armisque
1640 2227 1791 2274 Tarta·
1808 2244 1875 2283 nem
1885 2245 1938 2266 ex·

125 2291 216 2336 ricis
235 2288 473 2347 instru&us,
494 2288 716 2336 militarem
738 2288 861 2337 vultu
879 2293 1068 2337 animum
1082 2325 1095 2344 ‚
1113 2291 1330 2355 roburque
1350 2291 1531 2357 spirabat
1552 2293 1706 2356 Scytha
1731 2296 1791 2341 di·
1807 2275 1929 2350 fflssffi‘

126 2377 272 2425 gnum.
308 2360 478 2405 Tunica
491 2356 684 2425 pellibus,
693 2375 794 2423 quas
804 2359 944 2405 Siberia
953 2361 1084 2405 mittit
1102 2357 1328 2423 (Sahenim
1340 2359 1474 2426 vulgo
1485 2361 1634 2425 vocat)
1651 2361 1793 2410 sufful-

124 2441 176 2475 tae
193 2427 285 2475 lana
301 2425 534 2475 extrorsum
548 2426 671 2474 versa.
705 2430 854 2493 Caput
866 2427 983 2493 pileo
994 2427 1130 2475 rubeo
1143 2428 1306 2487 ,iisdem
1318 2428 1498 2495 pellibus
1508 2432 1634 2478 trium
1645 2430 1789 2479 latitu-

125 2497 226 2544 dine
238 2498 472 2563 digitorum
483 2510 693 2564 praetexto
711 2495 933 2562 tegebatur
943 2534 954 2556 ‚
963 2498 1080 2545 unde
1098 2511 1266 2565 tergum
1277 2501 1454 2563 pavonis
1465 2499 1598 2547 cauda
1619 2499 1789 2563 (solisid

126 2568 264 2632 Regia
276 2568 484 2634 dignitate
494 2565 770 2634 fungentibus
779 2565 967 2630 licitum)
978 2566 1156 2632 superbe
1166 2567 1420 2635 flagellabat.
1444 2572 1590 2633 Equus
1599 2569 1787 2637 stragulis

128 2653 231 2681 auro
242 2634 473 2702 rigentibus
495 2654 625 2702 opere
637 2636 923 2703 Phrygionico
931 2669 946 2691 ,
969 2635 1103 2683 tribus
1124 2637 1181 2684 de
1199 2636 1314 2683 collo
1326 2637 1469 2684 floccis
1478 2641 1698 2704 purpureis
1716 2640 1789 2688 de-

129 2703 425 2768 pendentibus.

201 2775 298 2819 Hoc
317 2773 465 2820 habitu
485 2772 684 2839 superbus
704 2773 758 2820 ad
772 2774 906 2837 ripam
923 2772 1111 2822 fluminis
1128 2773 1404 2823 valedicimus
1423 2773 1648 2824 descendit.
1685 2778 1788 2828 Mass

129 2855 275 2905 gnates
287 2860 360 2906 per
371 2846 552 2890 tentoria
567 2843 637 2891 sua
656 2841 840 2907 dispositi
861 2842 1093 2890 adventum
1111 2843 1201 2906 ejus
1221 2843 1528 2908 expefiabant,
1546 2847 1786 2913 pariterque

128 2912 283 2976 Legati
304 2910 428 2957 nostri
449 2913 680 2978 magnifico
700 2925 916 2977 apparatu.
953 2911 1047 2976 Ipse
1066 2912 1289 2959 conscensa
1302 2914 1494 2960 Praetoria
1513 2913 1588 2961 sub
1600 2921 1788 2965 tentorio

126 2996 181 3025 ex
202 2977 330 3025 rubro
348 2978 476 3026 serico
494 2980 714 3029 considens
733 2980 880 3028 ultima
897 2981 1195 3046 gratulantium
1208 3018 1220 3040 ‚
1238 2980 1456 3048 faustaque
1467 2988 1788 3048 apprecantium

126 3060 227 3096 vota
251 3049 337 3112 pari
359 3047 513 3095 affe8m
525 3084 536 3106 ,
555 3053 601 3099 &
613 3050 876 3098 humanitate
887 3050 1143 3116 excipiebat,
1154 3049 1460 3117 reddebatque.
1482 3052 1653 3109 Qibus
1663 3056 1787 3103 Mula

123 3115 262 3165 nostra
275 3115 328 3163 sic
339 3118 542 3164 accinuit:

1660 3194 1794 3248 Jam'or
