2114 3412
343 114 408 173 asz'
417 117 727 199 Magnum
744 112 997 174 Tartariae
1013 116 1234 198 Sinceque
1251 113 1505 193 Chamum.
1652 138 1673 175 1
1687 139 1705 175 1
1718 138 1740 182 3

85 237 179 269 cem
189 217 405 266 illustriora
418 254 430 276 ,
452 235 634 283 quorum
646 216 826 281 reliquos
835 216 1044 265 antecellit
1053 216 1212 265 fanum.
1243 217 1377 284 Ttmgo
1389 253 1401 273 ‚
1412 218 1466 266 ab
1479 220 1671 284 Hoaezgtio
1681 220 1744 268 fa-

88 291 293 338 bricatum
305 325 318 346 ‚
340 289 385 333 in
406 305 494 351 quo
506 286 690 354 scribunt
701 288 842 351 Reges
859 289 1040 333 omnino
1061 286 1167 333 duos
1187 286 1307 353 supra
1326 288 1589 354 septuaginta
1603 326 1614 347 ,
1628 289 1744 336 abdi-

85 372 184 407 cato
193 374 330 405 rerum
342 352 649 402 mundanarum
662 353 799 400 studio
808 353 1056 420 religionem
1066 354 1244 402 coluisse.
1266 358 1464 422 Triginta
1478 356 1553 403 sub
1564 357 1603 404 se
1613 357 1743 406 habet

86 430 292 483 civitates,
315 427 447 482 Cinan,
458 423 664 488 Changkieu
676 459 688 480 ,
699 425 851 490 Ceuping
862 459 874 481 ,
886 424 1062 490 Cbagxan
1073 460 1084 482 ‚
1099 426 1266 489 Sinching
1281 462 1292 483 ,
1312 427 1397 472 Cibo
1407 459 1421 479 ,
1438 427 1581 490 Chung,
1597 429 1635 473 Ci
1650 446 1743 492 ung,

87 492 254 559 [hilmen
266 530 280 549 ,
300 493 452 557 Iuching
465 530 477 550 ‚
496 494 634 555 Linye,
647 488 859 557 Changcing
872 528 884 550 ,
907 493 1080 557 Fiching,
1100 493 1317 558 Cingching,
1339 496 1465 557 Ling,
1479 491 1627 558 Taigan
1640 531 1651 553 ,
1663 499 1743 542 Sina

84 569 154 619 zai,
168 567 308 621 Lama,
323 560 923 627 Te,Tepizg,Pi›gyve71,Vittivg
935 597 948 619 ,
966 563 1119 628 szgfin
1131 595 1142 617 ,
1163 564 1225 608 H
1224 561 1352 627 aifung
1365 563 1537 624 ,Lolz'ng7
1548 570 1611 611 X
1612 564 1743 628 anglm,

85 636 175 692 Pin,
185 634 308 690 Licin,
319 630 481 679 Chenhoa
492 632 536 677 8<
547 630 698 676 Patala}
744 633 938 685 Qarum
949 631 1153 695 primariae
1163 628 1257 677 sunt
1265 628 1412 694 Taigan
1425 633 1469 678 8<
1484 633 1640 695 Vuting.

154 706 193 750 Y
206 719 230 747 E
243 718 270 745 N
281 719 305 746 c
316 719 342 746 n
353 717 377 745 E
387 716 416 745 υ
447 698 637 746 secundae
659 700 890 746 Provinciae
910 697 1172 764 Metropolis
1189 701 1445 747 territorium
1464 700 1518 746 ad
1535 698 1740 746 Austrum

84 768 330 820 fluminibus
350 770 512 825 Croceo,
534 769 712 814 Boream
733 766 870 815 versus
891 770 930 815 Cz'
946 769 1310 834 circumcingitur,
1330 769 1443 831 apud
1456 771 1570 815 Sinas
1580 786 1740 833 magnae

84 839 362 888 aestimationis
380 873 393 896 ,
427 836 546 901 quod
568 835 921 901 Philosophorum
943 838 1137 902 Princeps
1157 838 1201 882 in
1224 854 1279 884 eo
1298 852 1418 883 natus
1428 836 1500 892 sit,
1520 839 1741 884 innumera

82 907 230 976 paffim
243 921 367 974 gratae
378 905 641 971 posterorum
653 907 865 952 memoriae
873 907 1103 952 etiamnum
1113 920 1388 953 monumenta
1399 906 1573 954 exstant.
1598 908 1740 972 Regio

85 977 172 1044 ipsa
183 976 383 1026 fertilium
404 991 653 1039 camporum
673 975 911 1021 amaenitate
933 973 1022 1020 laeta
1043 973 1590 1038 piscofislacubus8<fluviis
1600 974 1740 1022 scatet.

85 1048 299 1103 Qinimo
318 1046 425 1091 circa
446 1042 643 1108 IQ'uhiang
662 1042 883 1090 auriferam
902 1045 1123 1109 regionem
1143 1042 1317 1102 volunt,
1340 1062 1438 1091 nam
1461 1042 1547 1109 ipsa
1567 1061 1653 1091 vox
1671 1063 1741 1091 au-

84 1132 199 1164 ream
221 1113 338 1161 sonat
359 1114 536 1178 patriam
550 1147 562 1170 ,
579 1111 701 1176 quod
718 1112 927 1176 praecipue
948 1129 1003 1158 ex
1024 1114 1147 1173 Kinye
1167 1125 1314 1158 monte
1335 1112 1438 1158 olim
1455 1112 1735 1161 hauriebatur.

84 1185 253 1251 Viginti
265 1183 424 1248 septem
435 1195 628 1228 numerat
639 1181 826 1227 civitates
845 1216 858 1239 ,
889 1180 1066 1238 Yencheu,
1085 1179 1257 1240 Kiohen,
1281 1181 1485 1246 Νἰιιγαηὲ,
1513 1183 1583 1228 Ceu
1595 1219 1606 1239 ‚
1622 1184 1742 1247 Teng,

89 1251 125 1301 Y
119 1273 159 1308 e,
177 1253 371 1317 Kiuhiang
384 1287 397 1310 ,
423 1253 548 1307 Yutai,
569 1248 686 1307 Tan,
707 1244 877 1314 Chinguu
893 1286 905 1309 ,
926 1252 995 1296 Cao
1016 1285 1028 1306 ,
1047 1252 1139 1308 cao,
1158 1248 1321 1314 Tingtao
1342 1282 1356 1303 ,
1374 1251 1496 1315 Cining
1510 1285 1522 1306 ,
1538 1252 1743 1315 Kiaciang‚

84 1325 233 1387 I<iuye,
253 1320 464 1385 Kt'unching
475 1354 488 1377 ,
508 1317 707 1384 Tngping
719 1352 733 1373 ,
752 1317 932 1383 Venxang
943 1354 956 1377 ,
969 1315 1104 1383 Tango
1115 1355 1127 1378 ,
1151 1319 1294 1383 Pingyn
1307 1351 1321 1371 ,
1336 1320 1462 1382 Iangco
1474 1352 1488 1372 ‚
1502 1326 1566 1369 X
1566 1319 1743 1384 euclmng,

88 1394 146 1450 Y,
166 1389 357 1454 Tanching
368 1425 381 1449 ,
396 1390 467 1448 Fi,
486 1389 533 1437 8<
551 1388 688 1435 Suxm'.
734 1391 933 1444 Qarum
954 1388 1156 1452 primariae
1174 1386 1270 1434 sunt
1284 1389 1354 1435 Cao
1366 1422 1379 1445 ,
1395 1389 1519 1452 Cining
1532 1424 1544 1447 ,
1555 1390 1599 1435 8<
1613 1387 1743 1452 Tung-

80 1464 181 1526 ping.

157 1529 203 1575 T
214 1547 244 1575 u
254 1546 281 1573 N
294 1545 320 1572 o
330 1544 356 1572 c
366 1545 392 1573 u
403 1544 427 1572 A
442 1544 471 1571 N
483 1543 509 1570 o
544 1527 664 1574 tertia
684 1526 915 1574 Provinciae
937 1524 1195 1592 Metropolis
1213 1526 1328 1589 jacet
1347 1526 1390 1572 in
1407 1524 1496 1590 ipso
1518 1523 1608 1572 sinu
1621 1561 1632 1583 ,
1653 1541 1744 1589 quo

95 1602 193 1646 Guei
216 1598 369 1644 fluvius
393 1598 438 1644 8<
458 1597 620 1661 Regius
635 1594 786 1644 canalis
795 1599 878 1653 Jun
898 1597 942 1641 in
958 1612 1092 1643 unum
1100 1596 1327 1642 confluunt
1337 1628 1350 1649 ,
1367 1594 1482 1641 unde
1491 1613 1546 1641 ex
1557 1592 1746 1640 universa

91 1666 411 1732 propemodum
424 1665 525 1712 Sina
536 1682 661 1712 naves
670 1683 717 1711 ac
727 1682 882 1712 merces
891 1666 1061 1728 excipit.
1096 1668 1371 1729 Quapropter
1381 1662 1544 1710 telonio
1555 1662 1748 1710 inssrui'm

78 1795 80 1798 v
93 1735 168 1790 est,
178 1739 222 1782 in
233 1752 322 1800 quo
334 1735 570 1799 portorium
583 1736 787 1781 mercium
799 1751 848 1780 ac
858 1732 1037 1799 vecffigal
1048 1734 1070 1779 a
1081 1732 1233 1798 triplici
1247 1735 1430 1799 exigitur
1442 1729 1624 1779 Praefide.
1649 1734 1746 1778 Nec

92 1822 247 1871 magna
257 1806 364 1851 inter
375 1802 510 1850 lacum
527 1802 773 1867 Naryang&
783 1801 914 1867 ipsam
925 1801 1206 1867 Metropolim
1219 1802 1340 1850 datur
1353 1800 1558 1848 distantia.
1588 1799 1690 1847 Solo
1702 1801 1747 1846 in

92 1873 286 1939 planities
295 1874 450 1938 pariter
461 1889 507 1918 ac
516 1870 670 1919 fertiles
679 1890 800 1937 agros
809 1870 963 1918 diffuso
974 1871 1144 1937 gaudet.
1180 1870 1416 1935 Bombyces
1426 1888 1622 1936 magnam
1632 1868 1748 1915 serici

92 1944 260 2008 copiam
272 1941 340 1989 hic
350 1943 621 1988 concinnant.
654 1939 767 1990 Urbs
784 1939 871 2005 ipsa
888 1939 1059 1987 celebris
1070 1940 1128 1986 est
1138 1958 1186 1987 ac
1197 1940 1422 2006 magnifica
1433 1961 1446 1997 3
1465 1953 1581 1985 extra
1599 1939 1747 1985 maenia

93 2010 346 2076 conspicitur
361 2012 480 2058 turris
500 2010 729 2058 novizonia
746 2043 760 2064 ,
778 2009 914 2075 figura
930 2008 1146 2075 ofitogona
1165 2044 1178 2068 ,
1205 2007 1324 2071 cujus
1342 2010 1526 2055 exterior
1546 2010 1679 2073 paries
1691 2025 1747 2053 ex

93 2079 358 2128 subtiliffimae
370 2077 623 2126 Porcellanae
634 2077 776 2146 argilla
787 2078 846 2125 est
858 2115 870 2137 ,
887 2076 1115 2125 artificiosis
1125 2078 1268 2144 figuris
1277 2076 1519 2125 extantibus
1527 2111 1541 2132 ,
1556 2095 1602 2123 ac
1613 2077 1748 2141 piCtu-

95 2152 147 2198 ris
157 2162 378 2197 exornata:
391 2150 564 2195 interior
574 2148 790 2215 variegato
802 2146 969 2194 vestitus
979 2146 1039 2195 est
1050 2164 1258 2195 marmore
1268 2182 1280 2204 ,
1301 2164 1395 2211 quae
1407 2146 1514 2192 adeo
1526 2145 1651 2212 plana
1667 2145 1747 2204 ,lae—

47 2245 50 2249 ·
93 2220 319 2285 vigataque
330 2216 423 2264 sunt
432 2253 443 2275 ,
462 2229 510 2263 ut
521 2216 698 2264 adinstar
707 2215 906 2264 terfissimi
917 2212 1070 2281 speculi
1083 2215 1327 2281 ,praesertim
1339 2216 1442 2262 dum
1455 2216 1636 2280 nigriora
1645 2212 1753 2270 sunt,

93 2287 382 2353 aspicientium
392 2284 530 2346 vultus
538 2285 783 2332 exhibeant.
819 2288 965 2341 Qam
980 2285 1312 2349 turrimipsemet
1321 2282 1567 2340 conscendi,
1590 2284 1635 2329 8<
1653 2301 1753 2329 ocu-

94 2355 141 2403 lis
161 2354 382 2423 diligenter
403 2351 654 2420 perlustravi.
692 2355 877 2400 Ditione
898 2352 966 2398 sua
988 2354 1175 2399 civitates
1196 2351 1752 2417 duodeviginticompleffi-

95 2439 187 2485 tur,
217 2424 449 2490 Tungclmng
470 2459 484 2481 ,
519 2422 669 2487 Tmgye
685 2457 698 2479 ,
715 2423 857 2486 Poping
867 2454 881 2475 ,
901 2422 1129 2486 Choangping
1145 2456 1157 2478 ,
1175 2422 1299 2482 Rieu,
1312 2422 1403 2479 Sin,
1425 2415 1608 2485 Cingping
1620 2456 1632 2479 ,
1649 2423 1755 2483 Kffl’

97 2495 254 2559 Lincing
266 2527 280 2547 ,
310 2497 502 2562 Qntao,
522 2493 705 2557 Kaotang
722 2526 734 2549 ,
759 2496 865 2548 Gen,
884 2491 1024 2539 Hiacin
1036 2528 1050 2548 ,
1072 2493 1119 2536 V
1113 2489 1265 2554 taching,
1289 2491 1346 2535 (1³0
1362 2525 1375 2547 ,
1397 2491 1505 2549 Fan,
1526 2490 1757 2555 anln'ng,

99 2564 145 2610 8<
160 2562 368 2628 Chaoching.
407 2565 603 2616 Qarum
614 2561 817 2625 primariae
827 2573 906 2606 tres
918 2560 1093 2623 Lincing,
1112 2560 1286 2623 Cazotczng,
1299 2560 1344 2606 8<
1356 2559 1425 2605 Po.

168 2633 209 2678 C
223 2650 235 2677 1
248 2649 276 2676 N
288 2649 312 2675 G
324 2649 347 2677 c
357 2649 382 2677 H
395 2649 418 2676 E
430 2646 460 2675 u
496 2642 642 2693 quarta
653 2629 880 2675 Provinciae
890 2625 1147 2693 Metropolis
1154 2627 1210 2674 ad
1220 2628 1413 2675 dextram
1424 2627 1607 2673 fluminis
1615 2626 1757 2691 Pelcmg

99 2696 231 2761 jacet,
253 2699 364 2747 haud
388 2697 536 2765 procul
558 2699 581 2745 a
595 2696 732 2744 fluviis
741 2701 770 2744 S
771 2702 782 2744 ι’
794 2699 839 2745 8<
853 2699 916 2744 Η
914 2700 1028 2762 iaquei
1038 2734 1051 2755 ,
1074 2714 1149 2761 per
1159 2714 1264 2761 quos
1275 2695 1450 2743 navibus
1461 2698 1503 2742 in
1515 2698 1635 2742 Sinus
1648 2689 1758 2760 [ang

103 2781 223 2832 patet
244 2768 376 2815 aditus
399 2789 412 2827 3
448 2768 522 2833 qui
542 2784 740 2834 magnam
762 2766 957 2813 territorii
985 2779 1147 2828 partem
1170 2783 1308 2830 prope
1327 2764 1403 2811 fibi
1421 2763 1621 2827 subje&as
1638 2762 1760 2810 urbes

107 2839 267 2901 Logan,
287 2837 499 2902 Xeuquan,
526 2836 726 2902 Chuchzbzg,
743 2835 910 2892 Gechao,
930 2831 1061 2880 alluit.
1095 2835 1237 2881 Tanta
1256 2835 1326 2881 hic
1349 2850 1545 2899 agrorum
1566 2851 1621 2879 ex
1643 2834 1761 2878 maris

105 2905 422 2968 fluviorumque
441 2904 750 2953 faecundatione
768 2902 951 2961 lascivia,
970 2915 1019 2948 ut
1038 2894 1188 2948 nullibi
1205 2919 1343 2950 rerum
1354 2901 1763 2949 necessariarumma-

107 2972 174 3034 jor
192 2971 341 3038 copia‘,
362 2985 433 3035 aut
451 2970 572 3021 vilius
587 2975 786 3038 pretium.
829 2970 1008 3019 Piscium
1025 2968 1256 3017 multitudo
1276 2983 1389 3018 tanta
1407 3007 1420 3030 ,
1453 2984 1501 3017 ut
1519 2968 1585 3018 vel
1607 2989 1661 3017 ex
1672 2968 1765 3016 solis

110 3043 396 3108 Squartiatum
409 3038 561 3105 (Segrin
571 3041 703 3110 vulgo
714 3039 894 3106 vocant)
905 3034 1084 3106 pellibus
1096 3056 1296 3107 magnum
1307 3040 1431 3088 faciat
1450 3037 1624 3087 lucrum.
1659 3042 1764 3086 Mo-

226 3135 228 3137 >
1656 3107 1769 3154 dei-20
