2114 3412
335 183 426 232 138
671 155 1029 242 ‘Parssbcunda
1053 153 1332 241 Legatiom's
1353 155 1618 216 Patavicae

156 2656 200 2679 12.
216 2646 286 2690 Julii

132 2689 291 2730 Oppidum

133 2733 295 2761 formem

132 2775 294 2813 appropin-

133 2822 231 2855 quant.

325 1531 443 1585 dine,
454 1546 501 1578 ut
511 1532 609 1596 ripae
621 1544 911 1597 terrarumque
922 1529 1196 1597 conspe&um
1208 1531 1390 1597 eripiant
1404 1553 1417 1591 3
1438 1531 1603 1597 quippe
1623 1527 1832 1580 telonium
1843 1530 1912 1580 hic
1929 1550 1998 1582 ce-

320 1599 593 1648 leberrimum
606 1638 618 1661 ‚
634 1601 967 1667 ditissimumque
979 1638 992 1662 ‚
1009 1602 1078 1648 cui
1091 1600 1511 1650 CaefirPublicanum
1522 1599 1698 1666 praeficit
1707 1639 1720 1661 ,
1741 1602 1794 1649 ad
1807 1604 2000 1669 portoria

321 1669 434 1717 ultro
445 1672 641 1737 citroque
651 1670 920 1718 tendentium
940 1673 1116 1720 navium
1134 1673 1358 1738 exigenda.
1394 1670 1762 1736 Qandoquidem
1774 1672 1819 1720 in
1830 1670 2002 1740 singulis

324 1741 554 1788 Provinciis
566 1739 821 1788 tributorum
834 1738 995 1789 summa
1006 1778 1018 1801 ,
1029 1755 1122 1790 tum
1134 1743 1176 1789 in
1190 1742 1271 1789 istis
1282 1741 1432 1790 decem
1445 1779 1458 1801 ‚
1479 1760 1572 1807 quae
1584 1742 1627 1788 in
1639 1739 1785 1789 limine
1795 1743 2000 1792 itinerarii

321 1809 450 1855 nostri
463 1824 688 1869 annotatae,
697 1823 790 1857 tum
802 1812 846 1859 in
859 1811 921 1859 his
929 1813 1135 1877 quinque,
1146 1830 1249 1877 quas
1258 1812 1570 1878 peragravimus
1579 1847 1590 1869 ‚
1607 1811 1794 1875 exprefla
1805 1809 1854 1859 sit
1864 1848 1877 1871 ,
1886 1829 1999 1877 quae-

320 1897 374 1925 na
388 1877 444 1925 fin
450 1877 556 1944 gulae
567 1882 785 1927 annuatim
797 1883 1046 1946 Imperatori
1055 1879 1241 1941 solvunt,
1249 1882 1438 1946 exceptis
1448 1881 1646 1946 portoriis
1656 1883 1702 1928 &
1713 1879 2002 1946 vectigalibus,

321 1961 522 2001 attamen,
537 1952 807 2012 quantumvis
817 1948 982 1998 sedulus
993 1984 1008 2004 ,
1028 1948 1229 2015 expiscari
1240 1969 1329 1998 non
1341 1953 1466 2015 potui
1479 1962 1708 2015 ‚quantum
1720 1947 1881 2016 singula
1892 1949 1998 1998 telo—

321 2018 390 2063 nia
412 2016 566 2063 Caesari
583 2020 800 2065 annuatim
823 2018 1016 2083 pendant
1028 2055 1040 2078 ,
1057 2018 1204 2084 (quod
1226 2018 1374 2084 procul
1387 2022 1507 2066 omni
1518 2018 1655 2066 dubio
1667 2017 1727 2065 ob
1735 2018 1998 2069 teloniorum

320 2083 640 2133 multitudinem
650 2086 942 2134 incredibilem
954 2086 1160 2135 summam
1173 2086 1309 2152 facit)
1327 2105 1416 2135 non
1428 2090 1543 2136 enim
1558 2090 1601 2135 in
1610 2087 1721 2136 libro
1734 2090 1878 2135 Sinico
1888 2124 1901 2147 ,
1920 2093 1996 2155 qui

319 2156 516 2201 omnium
528 2157 839 2204 Provinciarum
851 2155 1020 2203 censum
1030 2159 1239 2217 continet,
1249 2159 1525 2223 exprimitur,
1537 2159 1639 2222 quia
1649 2158 1859 2206 rationem
1876 2157 1996 2208 istam

319 2223 395 2271 fibi
411 2223 477 2271 vel
493 2226 650 2272 intimis
663 2224 936 2285 Consiliariis,
946 2229 1018 2292 qui
1030 2226 1250 2275 secretiora
1263 2227 1454 2285 traciant,
1463 2227 1654 2275 reservat.
1670 2226 1803 2278 Unde
1815 2230 1997 2293 Impera·

318 2307 386 2341 tor
397 2292 587 2341 Telonas
595 2309 676 2361 pro
687 2293 826 2343 lubitu
839 2295 970 2363 eligit,
981 2295 1214 2357 constituit,
1223 2296 1369 2363 suspen
1375 2296 1649 2364 dit,abrogat.
1684 2296 1902 2346 Praefefius
1912 2301 1996 2346 Le-

318 2364 422 2428 gatis
443 2363 593 2411 eadem
616 2365 933 2431 magnificentia
956 2369 999 2413 in
1022 2364 1180 2431 palatio
1201 2367 1276 2415 suo
1285 2404 1298 2427 ,
1316 2379 1364 2414 ut
1376 2367 1592 2432 Nanltingae
1602 2366 1773 2425 facium,
1785 2370 1990 2433 exceptis,

318 2449 494 2479 munera
508 2469 520 2491 ,
529 2451 621 2497 quae
633 2436 899 2500 gratitudinis
909 2453 1014 2504 ergo
1024 2434 1265 2484 offerebant
1280 2474 1292 2497 ‚
1309 2436 1460 2485 abnuit
1475 2471 1487 2494 ,
1504 2437 1723 2483 communi
1737 2434 1829 2483 usus
1840 2437 1993 2502 depre-

316 2503 486 2549 catione
508 2520 518 2547 :
542 2497 688 2568 [aeftre
701 2504 856 2551 nondum
866 2505 890 2550 ax
903 2508 1066 2570 Legatis
1079 2504 1156 2569 'iffi
1167 2542 1180 2566 ‚
1195 2506 1238 2552 id
1254 2525 1322 2553 non
1340 2508 1476 2553 licitum
1487 2539 1501 2560 ,
1521 2503 1756 2572 Lagenulas
1768 2518 1912 2553 tamen
1924 2505 1995 2554 ali-

316 2585 426 2637 quot
442 2570 607 2619 rosacea
617 2590 725 2637 aqua
737 2572 895 2638 plenas,
906 2574 1210 2641 gratissimique
1220 2575 1363 2623 odoris
1376 2593 1465 2623 non
1478 2574 1737 2622 detrectavit.

388 2639 536 2688 Altera
545 2640 614 2688 die
626 2642 882 2690 duodecima
892 2642 995 2711 Julii
1014 2642 1177 2693 sextum
1190 2647 1236 2694 &
1247 2644 1490 2694 vicesimum
1502 2644 1696 2691 Civitatis
1705 2643 1847 2708 Peking
1858 2643 1993 2703 ,sexa-

321 2711 437 2775 ginta
462 2712 485 2757 εὶ
503 2711 675 2773 Joeswoe
690 2713 722 2773 ly
742 2750 755 2773 ,
787 2711 952 2759 finistrae
985 2714 1016 2760 ri
1020 2732 1085 2779 pae
1113 2714 1246 2780 paulo
1276 2716 1478 2763 remotius
1497 2711 1738 2779 appositum
1759 2714 1994 2780 Oppidum

320 2780 353 2824 F
367 2783 413 2827 O
430 2784 466 2827 E
482 2783 521 2826 H
537 2784 575 2828 E
591 2784 627 2829 E
639 2784 685 2829 N
689 2819 700 2841 ,
711 2800 804 2847 quae
814 2785 859 2831 8<
873 2785 970 2849 Qe,
980 2782 1097 2831 mole
1109 2784 1286 2850 quidem
1297 2802 1386 2833 non
1397 2781 1694 2850 magnum,sed
1708 2784 1852 2830 Sinico
1861 2801 1996 2843 more,

289 2904 291 2907 Α
328 2849 1198 2920 AEdibus,Palatiis,Pagodis,Turribusque
1209 2872 1368 2901 novem
1380 2853 1752 2918 contignationum
1765 2870 1812 2899 ac
1822 2855 1994 2900 Trium-

319 2916 513 2981 phalibus
524 2922 655 2967 Portis
667 2924 711 2970 δέ
722 2921 916 2987 speculis,
940 2939 989 2969 ac
1002 2924 1205 2971 machinis
1221 2921 1380 2970 bellicis
1390 2921 1613 2988 splendens
1630 2921 1879 2988 appulimus.
1909 2923 1995 2968 Hic

319 2985 425 3032 uber
437 2986 591 3035 florum
609 2993 701 3056 Qc'
709 3025 722 3045 ,
734 2992 854 3055 quod
869 3009 1029 3039 nomen
1041 3009 1139 3039 cum
1149 2993 1327 3042 civitatis
1338 2993 1514 3040 nomine
1525 2993 1613 3042 fere
1623 2991 1918 3056 coincidir‚per
1928 3003 1994 3036 to-

319 3066 412 3102 tum
425 3058 681 3105 territorium
692 3060 751 3106 est
765 3075 1010 3126 proventus,
1021 3064 1096 3126 qui
1106 3061 1202 3109 licet
1211 3059 1360 3109 nullibi
1374 3079 1449 3127 per
1460 3075 1598 3110 totam
1611 3063 1754 3110 Sinam
1767 3057 1994 3124 copiosior,

319 3141 448 3189 quam
469 3126 513 3172 in
535 3127 669 3190 prima
681 3130 923 3196 Metropoli
935 3130 1243 3180 decimaetertiae
1256 3133 1488 3181 Provinciae
1502 3135 1676 3199 Qngsi.
1710 3128 1905 3179 Nascitur
1923 3145 1995 3203 au-

1904 3210 1994 3244 tem

2035 3383 2046 3387 1

2061 3198 2083 3412 -m-.-
2066 3087 2085 3182 1⁴21
2070 3020 2090 3076 &a
2074 2986 2078 2995 >

2108 1661 2114 1702 l

2111 1708 2114 1723 1

2098 1901 2103 1934 ,4

2096 1948 2099 1978 l

2094 1982 2114 2045 s

2094 2050 2097 2101 l

2091 2139 2094 2207 l
