2050 3412
132 1682 233 1714 Sinica

132 1725 276 1756 Amazon.

297 141 315 176 1
328 132 398 184 48
669 108 811 170 Pars
826 107 992 168 ultzma
1013 108 1298 192 Legationis
1316 108 1577 167 ‘Batavicae

292 217 428 264 versus
463 216 621 278 (Pitzgan.
659 213 895 276 Imperator
914 216 958 260 U
960 227 1030 259 mos
1054 209 1224 259 familiae
1254 212 1390 258 clmvae
1406 207 1608 257 conditor
1634 210 1769 256 Anno
1783 208 1942 270 Christi

293 284 517 334 millesimo
532 279 760 330 centesimo
772 280 976 347 vigesimo
991 281 1139 346 primo*
1157 279 1327 327 cuidam
1346 279 1466 341 IQ'cio
1475 296 1529 326 ex
1539 279 1678 345 Regia
1701 286 1766 330 X
1767 298 1869 345 angae
1881 278 1943 327 fa·

293 374 320 401 n
328 355 407 401 iilia
419 352 527 401 hanc
537 350 859 419 regionemjure
870 350 1093 398 fiduciario
1104 349 1396 415 possidendam
1407 349 1619 396 conceffit.

362 425 563 471 Uxorum
578 439 667 468 non
678 436 764 468 tam
780 421 886 468 areta
896 420 1012 485 apud
1028 423 1203 468 Coreanos
1226 436 1274 466 ac
1299 417 1486 466 Sinenses
1505 417 1720 466 custodia:
1741 417 1888 466 versari
1899 422 1945 469 in

297 492 475 560 publico
492 491 680 550 licitum3
703 491 816 538 unde
837 492 943 537 Sinis
963 490 1073 537 male
1092 488 1243 536 morati
1265 487 1486 536 habentur.
1519 490 1683 554 Magna
1698 488 1805 535 inter
1815 505 1888 535 eos
1898 507 1945 536 ac

299 566 412 610 Sinas
423 564 466 609 in
482 562 707 608 connubiis
718 560 965 607 differentia.
1000 562 1199 623 Qiisque
1214 574 1396 605 uxorem
1406 575 1487 623 pro
1498 555 1656 616 lubitu,
1666 556 1782 604 nulla
1794 574 1945 623 paren-

298 646 476 693 tum,aut
487 630 899 696 consanguineorum
909 628 1222 695 approbatione
1241 629 1409 693 praevia‚
1418 625 1556 686 ducit,
1570 625 1691 691 quod
1701 628 1818 690 apud
1829 627 1945 674 Sinas

297 702 412 750 nefas
433 700 623 748 habetur.
657 700 803 764 Regio
819 700 863 745 in
880 699 1025 746 omnia
1044 697 1216 765 frugum
1228 714 1381 762 genera
1399 695 1543 744 fertilis
1565 715 1575 742 ε
1601 695 1945 760 secalis&0ryzae

299 771 463 836 duplex
476 787 587 816 anno
601 772 645 817 8(
663 767 836 833 copiosa
848 769 997 815 messis.
1033 769 1187 834 Papyri
1199 765 1495 814 variaartificia
1514 767 1560 814 &
1580 763 1946 831 penicillorumex

300 844 502 906 luporum
518 839 612 904 pilis
631 836 835 904 pretiosus
858 851 1105 904 apparatus,
1132 837 1287 902 quibus
1306 838 1350 884 in
1374 835 1599 883 scribendo
1613 847 1793 882 utuntur
1806 832 1886 900 ipsi
1900 833 1946 880 8(

301 913 407 958 Sinae
419 948 431 969 ,
456 908 571 973 apud
587 926 695 973 quos
714 910 997 955 communiter
1011 924 1066 953 ex
1087 906 1289 972 leporinis
1305 905 1400 971 pilis
1415 904 1538 955 fiunt.
1573 904 1744 952 Radicis
1758 906 1946 970 Gienseng

298 979 495 1045 copiosus
514 980 575 1025 ibi
596 978 882 1043 proventus&
907 975 1075 1024 auriferi
1099 990 1279 1024 montes.
1312 975 1480 1024 Nullibi
1502 975 1752 1023 sandaracha
1765 971 1850 1021 five
1874 969 1947 1036 sie

299 1050 468 1107 melior,
476 1065 561 1111 qua
577 1048 795 1114 Japonum
806 1048 850 1094 8(
863 1048 1056 1094 Sinarum
1066 1063 1186 1093 more
1196 1082 1207 1103 ,
1230 1043 1566 1110 suppellectilem
1586 1043 1702 1091 suam
1717 1043 1889 1091 illinunt
1899 1043 1946 1090 &

297 1132 462 1166 ornant.
499 1116 629 1165 Nulla
644 1130 784 1163 tamen
799 1118 846 1163 iis
862 1116 938 1164 nisi
947 1133 1045 1164 cum
1058 1114 1298 1163 Sinenfibus
1308 1115 1353 1160 &
1363 1114 1553 1181 Japoniis
1563 1114 1830 1161 commercia.
1864 1118 1946 1162 At-

299 1206 385 1254 que
403 1189 490 1235 haec
502 1189 653 1234 Coreae
666 1185 893 1249 peninsulae
907 1187 1104 1233 conditio
1123 1183 1195 1231 est.

368 1260 603 1321 Imperator
623 1256 786 1301 Sinicus
806 1273 861 1301 ex
877 1257 1075 1303 omnibus
1089 1251 1333 1318 quindecim
1354 1252 1586 1299 Provinciis
1608 1268 1729 1299 novo
1753 1254 1946 1300 exercitu

298 1325 481 1374 collc6³s0
491 1361 503 1382 ,
524 1327 566 1372 in
579 1329 780 1387 Leaotung
795 1338 942 1371 contra
957 1327 1157 1370 Tartaros
1173 1321 1329 1369 validas
1344 1323 1489 1386 copias
1508 1320 1619 1367 misit
1632 1343 1645 1380 3
1671 1338 1719 1367 ac
1734 1334 1783 1368 ut
1796 1321 1948 1370 cuneta

299 1395 516 1443 ncccffaria
529 1406 730 1459 prompte
752 1393 1142 1459 iuppeditarentur,
1159 1391 1324 1438 claffem
1334 1393 1378 1438 in
1389 1404 1521 1456 portu
1533 1391 1737 1448 Thiencin,
1760 1408 1851 1455 quo
1870 1409 1947 1458 per

298 1465 441 1511 omnia
454 1464 560 1510 Sinae
570 1462 749 1510 flumina
758 1464 802 1509 8(
820 1462 957 1528 ipsum
973 1463 1200 1510 Oceanum
1208 1459 1339 1508 facilis
1353 1460 1491 1508 aditus
1502 1459 1638 1519 datur,
1650 1459 1892 1520 constituit,
1901 1478 1949 1509 ac

297 1533 398 1581 inde
413 1546 716 1590 commeatum,
728 1549 857 1592 arma,
873 1531 1053 1580 militem
1064 1533 1109 1578 in
1117 1533 1298 1579 vicinam
1311 1533 1527 1597 Leaotung‚
1538 1547 1633 1596 quae
1644 1528 1767 1577 bidui
1781 1543 1948 1579 tantum

283 1614 285 1616 ’
298 1604 506 1651 maritima
515 1603 580 1648 via
589 1601 725 1667 spatio
733 1601 926 1661 distabat,
939 1599 1208 1668 transportari
1218 1597 1344 1661 juffit.
1965 1650 1968 1653 Δ

364 1675 477 1720 Inter
490 1671 587 1719 alias
601 1670 821 1720 auxiliares
834 1674 978 1738 copias
988 1708 1002 1732 ,
1025 1675 1223 1719 Amazon
1233 1667 1432 1736 quaedam
1448 1670 1586 1716 Sinica
1596 1686 1696 1718 cum
1709 1667 1843 1717 tribus
1853 1667 1947 1715 mil-

299 1741 409 1791 libus
424 1741 748 1790 fortiffimorum
765 1741 951 1790 militum
960 1758 1016 1788 ex
1030 1742 1204 1789 Suchuen
1214 1779 1226 1801 ,
1240 1738 1389 1787 ultima
1401 1740 1572 1804 Imperii
1587 1738 1641 1786 ad
1658 1738 1948 1790 Occidentem

301 1813 538 1872 Provincia,
546 1814 590 1859 in
601 1810 728 1859 castra
741 1813 858 1860 venit
868 1848 880 1870 ,
899 1809 986 1877 ipsa
994 1808 1164 1859 militari
1175 1810 1324 1858 habitu
1334 1810 1379 1855 8(
1389 1810 1533 1856 animo
1543 1808 1676 1870 virili,
1700 1807 1849 1856 mediis
1867 1811 1950 1858 im-

298 1884 434 1931 mixta
443 1883 630 1929 Tartaris
647 1882 692 1928 &
708 1879 934 1930 rebellibus
946 1897 1046 1929 arcu
1064 1897 1112 1926 ac
1126 1880 1293 1928 acinace
1309 1895 1506 1944 magnam
1521 1878 1628 1945 saepe
1646 1877 1805 1928 caedem
1820 1878 1946 1926 facie·

297 1951 383 1998 bat.
421 1954 523 1997 Haec
534 1952 680 2015 virago
699 1953 742 1998 in
762 1950 907 1999 locum
919 1949 1042 1997 filioli
1052 1949 1112 1997 sui
1130 1990 1144 2011 ‚
1161 1952 1237 2015 qui
1248 1961 1426 2015 propter
1441 1961 1605 1995 aetatem
1613 1948 1735 1996 bello
1752 1946 1949 1995 inhabilis

299 2032 387 2067 erat
403 2055 415 2076 ,
438 2037 549 2066 arma
572 2019 713 2066 induit
728 2023 772 2067 8(
790 2037 870 2084 pro
889 2021 1017 2066 Sinici
1034 2018 1304 2084 Imperatoris
1323 2014 1538 2077 majestate
1555 2017 1750 2081 praeclara
1760 2016 1949 2064 facinora

300 2089 450 2136 edidit.
487 2089 695 2138 Thienlzius
709 2087 881 2135 tandem
893 2087 1036 2153 ipsein
1051 2086 1178 2135 castra
1189 2089 1305 2135 venit
1320 2123 1332 2145 ,
1365 2102 1412 2131 ac
1425 2087 1617 2134 exercitu
1626 2085 1831 2135 instruEto
1840 2087 1948 2134 Tar-

300 2173 410 2206 taros
433 2157 606 2205 adortus
637 2175 709 2205 eos
728 2157 876 2223 praelio
899 2156 1031 2205 νίἃοε
1061 2169 1154 2205 tota
1181 2162 1382 2222 Leaotung
1409 2154 1583 2221 expulit
1618 2176 1628 2203 z
1666 2174 1764 2203 nam
1792 2159 1839 2204 8(
1870 2154 1949 2222 ipsi

301 2228 451 2275 incolae
462 2226 593 2274 cruda
602 2228 882 2274 Tartarorum
901 2227 1081 2291 Imperia
1100 2227 1261 2291 pertaefi
1280 2242 1392 2272 arma
1408 2242 1507 2277 cum
1530 2224 1769 2275 Sinenfibus
1787 2224 1949 2284 junxe-

301 2312 393 2344 rant
406 2336 419 2357 ‚
440 2298 484 2342 8(
498 2297 663 2343 Tartari
675 2295 915 2343 domestico
932 2296 975 2343 in
990 2297 1042 2345 N
1044 2298 1147 2344 iuche
1157 2296 1277 2345 bello
1292 2312 1339 2341 ac
1351 2293 1546 2342 civilibus
1557 2294 1690 2343 turbis
1701 2308 1792 2343 tum
1802 2296 1947 2359 exagi-

300 2367 392 2422 tati,
402 2383 542 2430 neque
559 2364 716 2412 auxilia
728 2364 828 2412 inde
843 2364 1190 2432 accipere,neque
1200 2362 1399 2431 acquisita
1409 2365 1518 2411 tueri
1527 2377 1742 2431 poterant.
1774 2365 1833 2410 Ita
1849 2363 1945 2412 Sina

300 2434 409 2501 pulsi
421 2448 529 2483 trans
545 2452 714 2482 murum
729 2432 930 2481 omnibus
940 2434 1088 2482 amiffis
1104 2436 1141 2485 se
1153 2435 1309 2503 trepidi
1319 2446 1584 2498 receperunt.

1747 2954 1944 3007 Capu&
