2114 3412
349 121 417 180 Διί
426 124 743 207 Magnum
759 119 1017 182 Tartariae
1036 127 1256 208 Sinaeqtte
1275 124 1532 203 chamum.
1697 154 1726 197 9
1735 156 1763 199 9

105 227 885 293 abnuunt,nequecapillosTartarico
899 246 1017 275 more
1027 229 1171 276 radere
1187 229 1348 279 volunt.
1382 235 1497 280 Nam
1523 233 1621 281 Sinai
1642 253 1766 283 occu-

105 312 200 364 pata
220 315 369 344 omnes
381 297 565 345 Sinenles
585 296 757 362 capillos
776 297 976 345 abradere
992 298 1086 360 juffi
1099 332 1112 351 ,
1133 314 1294 347 retenta
1315 316 1479 348 tantum
1502 306 1543 350 in
1559 303 1764 370 syncipite

105 385 246 415 earum
258 380 376 431 parte
397 390 410 426 5
438 365 700 432 quodfacere
712 366 945 414 abnuentes
966 366 1037 431 (Sc
1050 367 1179 415 multa
1190 368 1318 417 millia
1328 369 1469 433 erant)
1490 390 1638 418 omnes
1657 391 1761 420 con-

105 437 313 484 trucidati.

173 509 359 561 Qiartus
375 502 462 565 jam
485 505 531 551 δε
551 503 740 552 decimus
760 503 966 572 agebatur
985 504 1072 551 dies
1089 542 1100 563 ,
1128 525 1184 553 ex
1196 525 1286 570 quo
1312 508 1528 573 Naznkingae
1550 512 1760 575 Magnati-
1802 522 1931 580 {aaran

102 574 180 622 bus
193 613 206 633 ,
225 588 272 621 ut
293 591 406 628 mos,
430 572 653 621 salutandis
668 576 845 631 morati,
865 574 1028 621 decima
1039 575 1186 623 octava
1197 578 1310 640 Maji
1329 576 1494 624 summo
1515 574 1759 628 manehanc
1778 561 1931 596 dhced‘mt

1778 605 1943 640 Nimlrinpiz

100 643 270 691 urbium
284 641 482 690 Australis
504 644 611 690 Sinae
629 645 819 710 reginam
833 642 1037 708 Pekingum
1048 660 1323 709 properantes
1342 645 1606 694 deseruimus.
1642 649 1757 697 Nm„
1777 656 1843 678 ΕΜ]
1863 640 1920 678 ¹³¹⁰·

1753 725 1756 729 Ι
1776 694 1929 727 peratoriis¹
1979 724 1983 727 ,

97 715 242 776 kirggam
262 710 392 777 usque
411 713 585 777 navigiis
595 730 683 758 non
700 711 776 760 nisi
785 712 1215 779 conductitiisLegati
1236 713 1295 761 usi
1315 734 1324 760 :
1361 715 1461 763 hinc
1473 723 1611 782 Magni
1633 719 1756 767 Chamz
1774 731 1904 763 navibus.

93 781 204 847 juffu
226 780 534 828 Gubernatoris
552 781 792 829 utebantur.
821 781 1066 848 Magnificae
1085 781 1164 829 illae
1189 798 1392 848 apparatu
1418 808 1430 844 3
1467 788 1690 835 Dracones
1710 807 1756 836 u-

97 853 284 915 trimque
310 849 493 897 distentis
519 850 688 897 riffibus
706 853 820 898 aurei
845 854 891 899 &
914 853 1106 916 quinque
1124 856 1276 900 exertis
1297 854 1463 920 ungulis
1479 855 1754 906 formidandi.

98 921 217 968 Varii
236 933 327 966 tota
346 937 456 966 nave
475 934 666 985 receptus
684 956 696 980 ‚
731 923 777 968 &
795 933 844 967 ut
862 919 1152 985 cujuscunque
1174 923 1368 970 conditio
1388 923 1499 983 fert,
1532 925 1752 989 separatim

95 988 275 1036 locatur.
319 988 491 1036 Musicis
517 988 666 1036 crebro
687 988 757 1036 tali
778 990 1049 1054 navigatione
1078 990 1265 1038 Sinenses
1285 1006 1463 1040 utuntur
1490 995 1543 1041 ad
1564 993 1751 1044 laetitiam

97 1061 145 1106 8<
167 1075 387 1123 pompam.
438 1058 490 1105 Id
508 1060 793 1123 Imperatoriae
809 1057 974 1124 signum
992 1061 1133 1125 gratiae
1153 1096 1165 1118 ,
1198 1060 1331 1108 flavos
1355 1062 1572 1129 praefigere
1593 1069 1752 1130 puppi-

6 1176 8 1183 ,
69 1143 74 1147 ·
94 1126 478 1191 bu3,transtrisque
500 1125 653 1176 leones.
704 1129 817 1174 Binis
844 1126 1186 1175 subvehebantur
1207 1132 1358 1196 Legati
1378 1134 1646 1198 totidemque
1661 1136 1752 1181 Pin,

92 1208 244 1244 xentous
264 1233 277 1255 ,
304 1199 350 1244 &
370 1196 616 1243 Mandarini
637 1219 650 1255 3
687 1198 823 1244 caeteri
844 1195 994 1244 milites
1011 1193 1110 1243 hinc
1128 1197 1230 1245 inde
1247 1217 1323 1263 per
1339 1199 1515 1265 reliquas
1533 1202 1654 1266 sparfi
1663 1231 1676 1260 ,-
1702 1206 1747 1252 8<

62 1313 67 1326 ι
92 1267 286 1331 quinque
316 1266 379 1313 hae
407 1268 693 1330 Imperatoriae
714 1270 854 1332 Magni
877 1265 1001 1314 Chamz'
1020 1283 1145 1315 naves
1165 1265 1302 1332 plures
1322 1268 1422 1316 alios
1442 1270 1653 1337 Nanlzmga
1670 1272 1747 1319 ho-

90 1336 185 1382 nori
203 1337 463 1401 Legatorum
484 1333 728 1383 societatem
747 1334 862 1384 suam
880 1338 1154 1400 imputantes,
1172 1353 1432 1402 receperunt.

159 1403 386 1470 Postquam
406 1403 610 1452 Praefectis
635 1403 991 1471 Magistratuique
1015 1405 1278 1471 Nankingerfi
1294 1407 1547 1457 valedictum
1568 1447 1581 1470 ,
1615 1424 1749 1476 ponte
1789 1434 1910 1464 sjnenfiS

93 1473 418 1539 quatuordecim
439 1475 610 1520 navium
634 1474 906 1539 praeterve5³m
918 1512 930 1532 ‚
953 1474 1171 1540 Pagodam
1194 1490 1313 1523 extra
1333 1480 1569 1542 aquaticam
1582 1498 1748 1544 portam
1768 1474 1912 1558 {lssoffl‘ff

91 1544 271 1606 Suifimon
291 1541 562 1607 conspectum
590 1544 800 1590 Pinxentou
821 1560 919 1589 cum
938 1556 1031 1589 tota
1050 1541 1170 1590 claffe
1190 1544 1377 1609 appulit,
1403 1546 1599 1596 sacrificia
1621 1549 1749 1598 Idolo
1767 1568 1835 1608 rum·
1853 1563 1910 1608 ngr

89 1613 228 1659 itineri
246 1610 532 1664 fortunando,
555 1625 603 1658 ut
617 1611 802 1674 jactabat
817 1647 830 1666 ,
852 1610 1046 1659 offerens
1084 1615 1226 1672 Porci,
1247 1617 1292 1662 &
1317 1613 1430 1662 Galli
1446 1617 1749 1682 jugulabantur
1766 1598 1912 1684 iiazfgiiiacxiis

91 1698 190 1727 cum
210 1680 340 1728 hircis.
377 1683 478 1727 Haec
501 1679 664 1727 oblatio
684 1683 747 1728 his
758 1681 1038 1748 peragebatur
1054 1685 1322 1731 caeremoniis.
1371 1688 1512 1732 Locus
1522 1687 1751 1736 oblationis

91 1764 180 1798 erat
198 1747 325 1797 altare
336 1750 470 1814 parvis
485 1751 682 1815 utrinque
695 1750 952 1818 Imaginibus
961 1750 1254 1816 conspicuum,
1265 1768 1378 1801 retro
1386 1756 1584 1820 grandior
1595 1760 1752 1824 imago,

90 1819 209 1866 velut
221 1819 403 1886 Pagodae
417 1819 889 1874 Prote&0r,eminebat‚
900 1822 968 1866 cui
980 1820 1064 1867 hoc
1073 1820 1219 1868 fanum
1229 1824 1444 1886 primario,
1451 1823 1618 1890 reliquis
1629 1829 1750 1875 mini-

91 1887 177 1936 stris
198 1888 450 1935 dedicatum.
488 1887 804 1936 Observatione
826 1889 1007 1956 dignum
1022 1926 1034 1948 ,
1053 1891 1171 1953 quod
1186 1893 1303 1956 porci
1325 1894 1370 1939 &
1386 1894 1750 1944 hirciomnisorde

90 1959 260 2025 purgati
273 1955 603 2022 imponebantur
613 1961 689 2005 aris
697 1995 711 2016 ,
724 1957 932 2024 gallorum
940 1976 1043 2006 vero
1052 1958 1253 2025 languine
1269 1963 1470 2027 imagines
1488 1963 1751 2031 aspergeren-

89 2019 173 2074 tur.
207 2030 369 2074 Interea
382 2044 482 2074 vero
493 2062 504 2086 ‚
514 2027 616 2074 dum
631 2028 738 2074 Sinae
749 2029 793 2073 in
805 2027 1065 2075 victimarum
1075 2026 1274 2094 sanguine
1284 2029 1470 2079 eluendo
1480 2035 1752 2099 occupaban-

89 2109 172 2156 tur,
181 2095 393 2144 sacrificuli
411 2095 742 2163 ingeniculantes
752 2099 935 2144 carmina
954 2098 1063 2144 inter
1081 2096 1120 2144 se
1133 2099 1459 2148 murmurabant
1472 2137 1484 2156 2
1505 2103 1643 2149 otioso
1665 2104 1752 2169 spe-

92 2165 300 2213 &antibus
312 2167 465 2230 pariter
475 2166 800 2233 legentibusque
810 2184 952 2225 onere,
965 2184 1063 2214 cum
1076 2166 1162 2231 ipla
1172 2170 1356 2216 vanitate
1363 2168 1403 2216 se
1416 2186 1593 2236 arguant
1606 2175 1651 2220 &
1662 2174 1752 2239 pas-

91 2233 164 2282 sim
176 2235 424 2300 perindiam
437 2267 451 2288 ,
467 2249 694 2300 totumque
705 2235 1013 2283 Ethnicismum
1033 2235 1160 2284 obvia
1181 2237 1399 2302 spretaque
1410 2256 1652 2295 occurrant,
1671 2259 1752 2289 nec

90 2305 135 2350 in
158 2306 262 2351 Sinis
283 2305 458 2351 demum
479 2305 703 2369 quaerenda
717 2341 729 2363 ,
746 2304 1040 2352 autscribenda
1058 2307 1326 2368 reperiantur.
1365 2306 1497 2354 Simul
1503 2308 1658 2368 juncea
1682 2329 1752 2358 ca-

90 2372 207 2438 psula
221 2371 302 2438 (de
314 2391 396 2438 qua
406 2372 528 2420 latius
537 2375 677 2438 capite
687 2372 830 2437 novo)
841 2373 985 2420 aderat
995 2410 1007 2431 ,
1024 2391 1079 2420 ex
1091 2391 1173 2437 qua
1191 2373 1337 2421 calami
1358 2375 1592 2425 Sinensinm
1612 2380 1752 2427 chara-

92 2441 270 2489 &eribus
280 2443 466 2506 inscripti
477 2476 491 2497 ,
511 2441 812 2509 prominebant
822 2479 834 2503 ,
851 2441 951 2489 inde
961 2439 1176 2489 sacrificuli
1186 2457 1342 2492 certam
1352 2443 1590 2494 fiiturorum
1603 2448 1752 2513 praedi-

92 2510 279 2558 &ionem
298 2511 564 2576 pollicentur.

163 2583 394 2628 Orientem
414 2580 601 2628 secundo
622 2580 800 2628 flumine
810 2579 944 2647 Kiang
963 2582 1173 2647 provecti,
1196 2601 1311 2649 pago
1329 2583 1753 2650 Wmlfienpernoffiss

95 2650 230 2696 vimus
240 2683 254 2704 ,
273 2648 468 2716 vigesima
491 2652 603 2714 Maji
619 2651 805 2715 Jejenjeen
817 2649 903 2697 aliis
913 2652 1021 2698 Loho
1032 2651 1226 2700 ultimum
1239 2690 1250 2712 ,
1260 2653 1509 2720 sextumque
1524 2656 1754 2721 Niznlringae,

95 2717 119 2763 a
130 2735 212 2781 qua
222 2732 392 2766 centum
413 2721 459 2767 &
471 2721 620 2786 viginti
633 2722 694 2780 Ly
706 2718 839 2777 distat,
860 2721 1092 2786 Oppidum
1103 2756 1118 2776 ,
1130 2724 1272 2769 Boreae
1285 2722 1431 2787 Kiangi
1439 2726 1538 2789 ripa:
1549 2723 1755 2786 adjacens,

95 2789 384 2850 pervenimus,
409 2790 483 2853 qui
503 2793 663 2837 Ortum
675 2788 809 2835 versus
830 2788 871 2835 se
891 2808 968 2854 per
978 2789 1129 2836 ostium
1141 2790 1304 2855 aliquot
1314 2791 1551 2839 milliarium
1565 2792 1750 2841 latumin

96 2858 324 2901 Oceanum
337 2858 527 2904 Indicum
540 2872 753 2905 exonerat.
787 2862 917 2923 Inops
928 2857 1046 2923 plebs
1058 2859 1228 2905 ridicula
1243 2858 1409 2907 flultitia
1419 2897 1430 2919 ,
1440 2879 1537 2909 cum
1549 2863 1754 2928 capitibus

93 2936 246 2970 mutuo
256 2923 442 2984 collisis,a
454 2926 589 2984 nobiS,
599 2926 666 2975 vel
677 2926 802 2974 risum
813 2961 826 2981 ‚
838 2926 904 2975 vel
916 2926 1225 2976 miserationem
1238 2928 1481 2990 extorsisset,
1491 2934 1536 2979 8<
1548 2929 1625 2979 alia
1633 2930 1753 2994 jocu-

94 2990 195 3039 laria
205 2990 371 3056 (neque
383 2995 498 3041 enim
520 3013 569 3042 ea
580 2995 654 3042 nisi
666 2995 807 3043 obiter
818 3014 1052 3044 memorare
1062 2999 1200 3061 operis
1211 2997 1385 3063 suscepti
1396 3002 1572 3063 gravitas
1582 3003 1754 3066 permit-¹

94 3058 169 3123 tit)
180 3060 357 3127 solisque
367 3064 469 3110 mira
479 3064 770 3130 ignorantibus
780 3065 1046 3123 exercuisset,
1064 3065 1169 3131 stipe
1188 3081 1362 3133 accepta
1371 3085 1449 3118 nos
1460 3069 1649 3118 deseruit.

1004 3136 1052 3182 N
1090 3153 1114 3182 2
1613 3139 1756 3203 Oppi-
