2099 3417
317 152 383 211 acl
392 153 537 220 M
533 172 704 237 agnum
720 148 976 211 Tartariae
992 150 1215 234 Sinaeque
1232 147 1488 228 Chamum.
1629 171 1651 209 1
1662 170 1691 208 Ζ
1702 172 1722 209 r

65 276 188 311 extus
209 257 452 306 imbricibus
469 255 586 304 flavis
618 254 774 320 (color
799 257 830 302 is
856 257 1106 320 Imperatori
1137 258 1341 304 convenit
1363 295 1377 316 ‚
1410 257 1456 302 &
1478 269 1726 322 magnatum

55 325 307 399 praecipuis)
328 326 482 392 quibus
504 325 604 374 Sole
625 326 761 373 radios
772 323 865 372 suos
875 326 1133 372 immittente
1146 324 1316 372 flamma
1328 325 1415 372 auri
1428 323 1575 371 aemula
1587 343 1723 372 erum-

54 400 210 468 pebat,
227 396 499 444 Draconibus
519 395 664 461 passim
686 393 856 460 aliisque
871 396 1062 441 Sinarum
1082 394 1272 441 monstris
1285 395 1555 459 variegatum.
1592 395 1724 441 Frons

56 473 103 519 &
122 468 274 516 secreta
294 468 404 514 intus
424 464 706 512 charac‘terum
725 462 904 511 mirabili
925 463 1057 511 duffiiu
1077 480 1225 510 arcana
1236 461 1302 510 vel
1320 465 1497 509 nomina
1508 461 1722 510 cultorum

53 536 162 587 ldoli
174 535 446 603 designantia.
474 537 647 582 -Caetera
657 569 669 591 ,
685 547 734 581 ut
744 535 788 580 in
800 532 885 581 aliis
897 566 911 586 ,
921 531 1047 597 plena
1058 530 1370 579 simulacrorum
1383 533 1504 579 variae
1513 534 1723 598 magnitu-

55 609 162 657 dinis
183 626 192 651 :
215 608 351 652 Retro
363 605 507 652 hortus
518 602 694 670 paradisi
714 604 898 669 imagine
909 601 963 649 ad
974 599 1249 666 spediantium
1262 601 1589 650 dele&atioriem
1604 603 1722 649 variis

54 674 272 727 arboribus
283 672 518 739 plantisque
538 670 731 720 consitus.
1436 693 1439 696 ⁴

1 749 4 754 ’
122 742 336 811 Vigefima
353 744 470 811 Junii
491 744 612 790 tertia
629 745 854 807 thungae
880 741 1043 789 Civitas
1079 741 1122 788 T
1134 742 1179 789 U
1190 741 1235 787 N
1249 742 1289 787 C
1306 740 1349 785 H
1364 744 1405 788 A
1418 743 1474 788 M
1506 737 1590 786 five
1618 736 1721 785 Tunae
1738 741 1896 815 20-'J-lunijffi

16 876 18 880 y
53 816 168 880 chang
189 850 202 873 ,
234 814 348 862 horae
360 812 566 878 quadrato
584 810 747 859 ambitu
766 812 1002 878 nonaginta
1034 812 1067 873 ly
1101 818 1166 861 X
1167 808 1308 873 antfitia
1328 809 1498 858 distans.
1543 806 1720 855 Nullam
1737 789 1893 868 {gi-sei&

50 898 142 934 tota
153 884 220 930 via
230 883 504 930 munitiorem
514 895 662 928 natura
674 878 762 939 ,vel
774 894 862 927 arte
873 879 1022 926 urbem
1033 878 1340 945 conspeximus.
1375 881 1489 927 Duae
1500 879 1611 925 intus
1620 895 1722 942 prae-
1738 872 1832 901 munt.

49 954 175 1020 cipue
196 954 327 998 crucis
346 952 484 1000 forma
501 948 727 998 interse&ae
749 948 916 1014 plateae.
963 950 1120 996 Medio
1140 966 1284 996 earum
1306 949 1518 997 excessum
1538 961 1722 1012 quatuor

48 1020 279 1072 fornicibus
299 1019 481 1068 discretis
499 1019 695 1084 te&aque
707 1019 939 1085 assurgente
951 1017 1174 1066 altitudine
1185 1016 1343 1084 singula
1354 1017 1559 1066 Palatium
1571 1053 1583 1075 ,
1602 1015 1720 1063 velut

51 1091 187 1141 umbo
199 1126 212 1149 ‚
229 1087 507 1138 attollebatur.
544 1093 678 1136 Portae
690 1101 873 1154 quatuor
893 1086 1202 1134 munitionibus
1219 1085 1388 1155 fingulae
1409 1084 1721 1152 inexpugnabi-

51 1160 82 1208 li
98 1158 262 1208 robore.
311 1161 496 1205 Boreum
507 1156 613 1206 latus
626 1176 745 1223 aquae
756 1157 858 1205 fossa
868 1158 1052 1224 ingenti,
1077 1174 1207 1221 quam
1218 1159 1328 1204 Pons
1344 1156 1537 1204 sublicius
1548 1169 1720 1202 centum

51 1233 98 1279 8<
109 1231 280 1296 triginta
290 1228 451 1293 septem
464 1228 654 1293 passuum
672 1226 944 1294 longitudine
962 1225 1127 1285 sternit,
1145 1228 1368 1273 innumera
1384 1225 1721 1272 commeantium

51 1298 175 1348 turba
183 1298 347 1364 semper
357 1299 489 1364 gravis
509 1320 523 1357 3
561 1316 608 1345 ea
617 1299 782 1362 quippe
794 1297 920 1344 unica
940 1297 986 1343 in
998 1294 1284 1361 septentrione
1305 1297 1347 1342 in
1362 1294 1512 1342 urbem
1526 1295 1605 1340 via.
1645 1293 1720 1339 Ad

51 1367 257 1418 Austrum
267 1366 412 1432 amplo
425 1364 594 1434 insignis
613 1364 817 1414 suburbio
834 1365 1136 1433 magnitudine
1156 1363 1328 1426 alteram
1348 1365 1563 1412 civitatem
1575 1379 1722 1427 reprae-

50 1439 254 1488 sentante.

125 1506 323 1556 AEdificia
332 1504 577 1571 templaque
588 1522 669 1571 pro
681 1504 890 1570 dignitate
901 1500 997 1550 loci.
1034 1503 1264 1551 Orientem
1284 1502 1419 1550 versus
1442 1503 1625 1566 Pyramis
1644 1500 1721 1548 fer·
1738 1514 1871 1557 pyramis

54 1595 126 1626 rea
135 1574 357 1641 sepulchro
366 1573 583 1637 cujusdam
602 1575 777 1631 Herois‚
792 1570 853 1618 ob
864 1572 1013 1619 merita
1025 1573 1048 1619 a
1059 1573 1228 1620 civitate
1238 1572 1501 1637 gratitudinis
1518 1589 1621 1636 ergo
1633 1571 1723 1635 jam
1738 1557 1843 1589 ferrea.

56 1660 155 1695 ante
163 1644 321 1709 septem
331 1641 678 1709 saeculaimpofita
688 1676 703 1698 2
723 1644 832 1690 inter
851 1642 982 1689 varias
1002 1639 1338 1707 multiplicesque
1358 1640 1413 1689 de
1423 1658 1471 1688 ea
1480 1639 1640 1688 fabulas
1658 1641 1722 1686 in-

57 1713 161 1763 colae
171 1712 453 1761 ostentabant.

126 1783 270 1849 Regio
288 1783 587 1830 circumvicina
608 1781 653 1828 in
671 1782 817 1828 omnia
837 1781 1011 1847 frugum
1021 1796 1174 1845 genera
1186 1816 1199 1839 ,
1214 1781 1419 1845 imprimis
1437 1779 1622 1832 olerum,
1639 1779 1725 1828 fru-

60 1853 204 1902 &uum
216 1887 229 1910 ,
244 1850 434 1917 segetum
445 1849 562 1898 ferax
574 1850 614 1897 se
624 1848 826 1897 effundit:
847 1848 917 1896 sed
929 1848 1120 1914 nuspiam
1130 1848 1341 1914 copiosior
1349 1849 1463 1896 serici
1476 1862 1724 1914 proventuS,

59 1922 175 1970 unde
186 1938 291 1985 opes
310 1934 435 1968 tantae
455 1918 623 1987 incolis.⁸
642 1917 795 1967 Versus
809 1918 986 1966 trad'tum
998 1931 1154 1983 quartae
1165 1920 1342 1967 civitatis
1356 1919 1529 1983 Cingcheu
1541 1954 1553 1976 ,
1572 1918 1725 1983 viginti

58 1991 157 2039 hinc
175 1992 219 2038 in
232 1994 394 2038 Ortum
412 1988 595 2037 distantis
616 1986 859 2035 milliaribus
876 2023 888 2046 ‚
916 2005 970 2034 ex
981 2004 1200 2036 vaccarum
1211 1987 1447 2035 ventriculo
1459 1989 1586 2053 Lapis
1598 1986 1724 2033 Nieu-
1741 1977 1834 2048 ἓξὲξ

58 2062 196 2126 hoang,
214 2059 257 2106 id
280 2058 364 2118 est,
387 2059 557 2107 Flavum·
576 2062 785 2107 Vaccarum
803 2058 875 2104 ovi
895 2055 1071 2103 anserini
1090 2057 1386 2125 magnitudine
1407 2094 1420 2117 ,
1454 2070 1576 2104 cretae
1601 2054 1725 2114 instar
1739 2059 1840 2106 hoang.

58 2127 229 2177 friabilis
256 2126 566 2193 flavescensque
587 2163 600 2186 ,
633 2128 794 2174 Bezoar
823 2124 993 2173 mollior
1023 2126 1172 2186 (unde
1207 2129 1253 2174 8<
1287 2124 1481 2174 nonnulli
1516 2142 1616 2173 eum
1645 2142 1725 2189 pro

59 2201 219 2246 Bezoar
227 2195 411 2262 jafiant)
431 2197 697 2244 exscinditur.
741 2196 856 2242 Mira
866 2195 922 2242 de
932 2193 1021 2256 ejus
1033 2194 1188 2242 viribus
1201 2193 1436 2244 Sinenfium
1449 2194 1613 2241 Medici
1626 2211 1726 2257 prae-

60 2268 200 2316 dicant
235 2286 245 2312 ε
283 2265 575 2331 Frigidtffimum
597 2301 610 2324 ,
636 2268 689 2309 ita
707 2278 748 2309 ut
758 2262 977 2325 ferventem
995 2263 1141 2324 injefius
1158 2282 1292 2329 aquam
1302 2264 1434 2326 statim
1455 2263 1533 2326 ejus
1554 2262 1725 2308 ebullitio-

60 2356 140 2385 nem
156 2338 274 2404 sis‘lat
303 2371 317 2395 ,
358 2338 401 2382 65⁴
428 2333 566 2400 frigida
593 2332 797 2397 adsperfltm
825 2344 1007 2394 vaporare
1025 2365 1038 2389 ‚
1063 2330 1142 2377 hinc
1168 2331 1428 2395 defluxiomhus
1451 2330 1615 2398 sistendz's
1647 2329 1725 2375 ido—

62 2424 158 2454 neus.
1795 2452 1805 2461 ³

131 2477 264 2522 Mons
282 2474 367 2521 hoc
385 2471 521 2521 tra&u
540 2470 656 2536 apud
676 2469 953 2517 undecimum
972 2469 1206 2536 Oppidum
1220 2466 1394 2535 [aotang
1410 2471 1586 2517 nomine
1599 2474 1730 2534 Ming-
1772 2477 1865 2521 Mons

64 2562 114 2591 xe
137 2582 151 2603 ‚
185 2542 305 2608 quod
326 2541 511 2605 Lapidem
531 2544 616 2588 Soni
637 2540 829 2587 denotat.
866 2540 1047 2604 Qippe
1062 2577 1074 2599 ‚
1092 2553 1141 2587 ut
1151 2538 1206 2587 ab
1225 2539 1372 2587 incolis
1393 2540 1590 2604 Fungchan
1611 2540 1729 2586 audi·
1746 2520 1878 2560 M¹'¹gx⁶'

65 2626 156 2659 tum
169 2648 181 2671 ,
197 2614 242 2658 in
264 2611 501 2658 summitate
521 2610 611 2674 ejus
631 2622 805 2656 centurn
826 2607 908 2656 alta
930 2610 1107 2674 perticas
1126 2608 1348 2667 columna,
1366 2626 1459 2673 quae
1471 2608 1609 2674 digito
1620 2607 1728 2655 mita

68 2680 191 2728 instar
211 2681 401 2744 tympani
421 2678 586 2727 resonat
608 2714 620 2737 ‚
646 2680 692 2726 &
719 2677 818 2725 hinc
847 2679 985 2725 monti
1013 2695 1185 2727 nomen.
1234 2679 1349 2725 Palus
1371 2680 1451 2725 Ho
1470 2676 1584 2741 apud
1604 2675 1729 2741 septi-
1744 2680 1834 2715 Palm
1843 2685 1899 2714 Ho-

67 2766 187 2796 mum
205 2751 250 2796 &
268 2748 482 2795 decimum
504 2747 738 2813 Oppidum
769 2746 976 2812 anhing
994 2782 1007 2805 ,
1040 2749 1084 2793 in
1105 2761 1196 2812 'quo
1215 2745 1403 2793 referunt
1422 2749 1729 2811 Imperatorem

36 2882 39 2883 7
74 2821 171 2865 Guei
187 2816 291 2863 olim
311 2835 431 2882 grues
453 2816 612 2864 curiosa
629 2814 828 2864 industria
847 2814 985 2862 aluiffe
997 2851 1007 2861 .
1052 2818 1169 2863 Nam
1187 2815 1404 2879 hodieque
1422 2814 1570 2861 harum
1590 2817 1730 2880 regio-

72 2903 178 2934 num
195 2884 404 2950 indigenae
424 2885 633 2952 plerisque
648 2887 693 2932 in
715 2882 914 2933 domibus
933 2901 1053 2949 grues
1071 2883 1302 2949 cervosque
1324 2883 1443 2930 alunt
1462 2920 1476 2942 ‚
1500 2883 1619 2948 quod
1640 2883 1732 2931 lon-

72 2961 285 3020 gae'varum
305 2953 548 3001 animalium
575 2956 784 3002 continuo
805 2956 851 3001 &
873 2950 1107 2999 domestico
1129 2952 1297 3017 aspefiiu
1317 2969 1554 3017 eorumque
1574 2952 1734 3001 anheli-

74 3037 124 3070 tu
143 3024 272 3070 vitam
299 3019 539 3089 prolongari
562 3021 825 3071 arbitrantur.
869 3023 978 3069 Nox
1007 3020 1124 3086 apud
1143 3021 1379 3087 Utngchang
1404 3022 1448 3068 in
1468 3020 1643 3069 navibus
1662 3040 1735 3069 ex-

76 3090 164 3147 a&a
183 3127 197 3151 ,
230 3091 343 3139 Orta
363 3088 458 3138 luce
477 3107 634 3156 magno
656 3090 802 3141 labore
824 3088 1082 3158 praeterveffl
1110 3087 1327 3156 piscosum
1349 3089 1486 3138 lacum
1520 3090 1741 3154 Nanyang‚
1794 3113 1797 3117 ⁴

983 3162 1058 3214 Q
1507 3158 1739 3223 Oppidum
