2114 3412
299 161 406 212 144
671 141 811 198 Pars
830 135 974 194 tertia
993 132 1275 219 Legationis
1295 134 1561 195 fBatavicae

296 246 454 293 venire.
490 241 606 288 Hinc
616 258 738 289 novae
751 238 1009 288 emerserunt
1020 236 1270 304 quaestiones
1292 258 1302 284 z
1326 243 1408 305 quis
1425 241 1482 287 ille
1499 239 1730 303 Praesto-*iusi
1755 242 1799 288 8<-
1817 257 1897 305 quae
1914 241 1978 288 illa

298 314 470 360 fiatavia
489 314 507 357 ἒ
542 310 890 358 Gubernatorem
919 308 1180 356 Generalem
1205 310 1372 357 ratione
1402 310 1657 357 audioritatis
1683 309 1980 373 Ithonenfium

298 379 556 447 Protegibus
576 379 781 446 aequalem
798 416 812 438 .,
840 397 941 427 nam
961 396 1059 426 cum
1082 376 1288 426 Hollandi
1311 377 1416 426 nulli
1434 378 1710 443 subjiciantur
1727 384 1764 426 fl
1773 381 1842 447 egi
1860 415 1872 438 ,
1898 396 1980 427 nec

299 450 532 498 Hollandia
550 451 756 517 Regnum
778 448 827 497 sit
843 487 856 509 ‚
882 447 957 514 ipsi
990 450 1166 496 minime
1185 451 1375 514 Proregis
1399 483 1412 503 ,
1441 448 1511 497 sed
1543 448 1853 496 Gubernatoris
1874 449 1982 496 dun-

300 534 419 569 taxat
447 519 618 568 titulum
648 534 894 585 competere
923 537 932 564 :
972 520 1186 565 Bataviam
1206 535 1310 564 vero
1331 520 1492 566 ratione
1512 520 1750 584 opportuni
1771 517 1867 565 fitus
1889 519 1982 566 uni-

301 590 502 639 versalem
514 592 710 636 omnium
722 591 911 648 navium,
925 586 1158 635 Hollandia
1167 585 1235 634 vel
1247 586 1331 634 aliis
1341 586 1442 634 locis
1453 587 1703 635 solventium
1717 601 1889 654 portum
1906 626 1919 646 ,
1933 590 1980 637 &

301 658 421 707 velut
445 660 651 707 Batavicae
669 659 800 706 Indiae
821 656 1119 723 Metropolim.
1155 658 1361 721 Cumque
1372 656 1622 706 satisfatium
1643 657 1744 705 effet
1753 656 1983 705 curiositati

304 728 473 777 illorum
489 726 687 794 ,(01nnia
700 765 712 788 ,
735 746 828 794 quae
850 727 1122 786 dicebantur,
1142 743 1218 791 per
1227 724 1376 774 sctibas
1395 725 1488 774 suos
1507 728 1699 775 annotari
1709 724 1982 791 curaverant)

306 798 673 863 respondentibus,
2113 847 2114 850 ,

375 870 492 915 Mox
505 885 653 916 omnes
664 870 817 915 iterum
839 867 989 914 ordine
1001 863 1152 915 reversi
1164 865 1282 931 plura
1300 866 1439 914 adhuc
1451 867 1730 932 exquirentes,
1768 867 1930 914 Primus
1940 865 1982 914 se

306 937 361 984 ab
378 942 635 1003 imperatore
647 937 810 984 missum
822 935 1004 992 dicebat,
1014 935 1188 1000 ejusque
1197 935 1439 995 consili0‚ut
1448 935 1584 984 literas
1596 935 1697 983 fidei
1706 934 1985 1001 afferret‚quae

308 1024 463 1074 magna
475 1005 726 1054 solennitate
738 1008 783 1053 &
796 1007 1032 1052 reverentia
1044 1007 1088 1052 in
1102 1005 1223 1053 theca
1236 1020 1435 1073 argentea
1447 1042 1459 1065 2
1475 1004 1627 1071 triplici
1646 1022 1792 1071 panno
1803 1008 1984 1053 coccino

148 1095 282 1126 simarum
309 1075 791 1142 teffla2deportabantur.
826 1073 950 1121 Alter
959 1073 1326 1140 armainspiciens‚
1343 1094 1390 1122 cm
1406 1094 1457 1122 ex
1463 1089 1554 1138 puro
1574 1092 1662 1120 auro
1677 1090 1895 1141 argentoque
1915 1075 1986 1121 ad,

124 1139 269 1220 ζζζῗζζζῗ
308 1145 386 1193 dita
404 1146 475 1192 illis
493 1160 704 1192 ornamenta
724 1145 835 1209 efflent
846 1182 860 1203 ‚
880 1163 922 1190 ac
942 1162 1015 1208 qua
1033 1160 1114 1191 arte
1128 1144 1290 1207 confefla
1302 1180 1315 1200 ,
1335 1143 1563 1210 quaerebat.
1599 1145 1772 1191 Tertius
1792 1145 1847 1191 de
1868 1142 1987 1191 bello

125 1230 197 1292 ¹1⁰¹?
212 1229 263 1249 cu-
308 1213 609 1274 sciscitabatur,
625 1213 748 1278 quibus
759 1215 794 1260 in
812 1231 851 1258 eo
861 1217 971 1260 armis
985 1216 1046 1261 H
1047 1215 1181 1261 ollandi
1194 1250 1206 1272 ,
1226 1217 1269 1261 ξεῖ
1280 1229 1406 1260 contra
1416 1232 1519 1279 quem
1529 1229 1718 1260 uterentur
1731 1236 1743 1273 3
1761 1215 1988 1279 praecipue,

122 1271 168 1292 ΠΟ
182 1270 243 1292 ’ω’
309 1302 357 1331 ac
380 1283 596 1331 instantius
617 1320 630 1341 ,
658 1302 706 1330 an
726 1301 807 1329 cum
826 1284 1026 1349 Lusitanis
1039 1281 1374 1330 Makaoenfibus
1386 1297 1470 1346 pax
1485 1285 1575 1342 illi57
1593 1283 1658 1330 'vel
1668 1282 1795 1329 bellum
1811 1282 1991 1346 :Ltfita-

308 1358 369 1400 m'a
394 1355 494 1401 Since
509 1357 677 1416 propior,
697 1370 745 1398 an
768 1351 987 1399 Hollandia
1007 1351 1109 1416 effer.
1150 1357 1211 1399 lta
1231 1351 1432 1417 responso
1456 1353 1508 1399 ad
1529 1351 1687 1418 fingula
1706 1366 1885 1417 accepto
1911 1351 1991 1413 dis-

309 1423 515 1470 cesserunt
526 1456 540 1477 ,
561 1421 631 1470 sed
644 1438 748 1468 mox
762 1420 877 1468 sexta
887 1418 974 1482 jam
985 1419 1251 1486 septimaque
1262 1424 1331 1469 via
1342 1423 1582 1480 redeuntes,
1591 1421 1725 1469 multa
1733 1423 1788 1469 de
1804 1424 1990 1489 Legato-

309 1510 405 1539 rum
421 1492 629 1557 dignitate
640 1489 974 1555 honoribusque,
984 1490 1139 1556 quibus
1149 1493 1191 1538 in
1202 1490 1445 1555 Republica
1455 1489 1747 1558 fungerentur,
1757 1493 1988 1559 interroga-

309 1560 432 1616 bant,
443 1556 490 1609 ac
501 1580 575 1627 per
587 1574 697 1626 quot
707 1561 859 1627 gradus
869 1558 922 1607 ad
932 1558 1061 1607 talem
1073 1561 1330 1627 dignitatem
1343 1561 1512 1608 daretur
1522 1559 1716 1620 ascensus,
1727 1559 1988 1624 responden-

311 1630 423 1678 tibus
434 1632 605 1698 Legatis
616 1664 629 1685 ,
646 1648 720 1695 per
733 1630 880 1677 decem
897 1628 1047 1696 gradus
1055 1629 1219 1677 ascendi
1232 1663 1245 1683 ‚
1268 1631 1314 1677 8<
1326 1648 1402 1695 per
1413 1643 1596 1695 quatuor
1607 1632 1759 1677 iterum
1777 1629 1995 1690 descendi,

311 1714 543 1766 antequam
564 1702 656 1765 quis
676 1698 804 1747 talem
827 1699 1122 1764 dignationem
1138 1697 1478 1764 consequeretur.
1513 1698 1740 1746 Disceffuri
1753 1698 1986 1747 multisim-

311 1772 619 1834 portunitatem
640 1768 756 1816 suam
784 1766 1039 1817 excusabant
1059 1802 1072 1823 ‚
1091 1768 1193 1834 juffit
1217 1772 1455 1831 Imperatoris
1475 1770 1604 1816 talium
1614 1767 1734 1830 fitpra
1760 1769 1906 1815 modum
1929 1787 1990 1815 cu·
2104 1744 2110 1841 ξ

311 1838 705 1906 riofifhtisfhciendmn
717 1875 730 1898 2
746 1842 801 1885 cui
819 1838 881 1886 illa
901 1837 1017 1885 adhuc
1036 1838 1092 1885 die
1111 1840 1374 1905 omniasrripto
1395 1836 1638 1902 comprehenfiz
1654 1836 1728 1901 eise
1748 1837 1906 1886 exhiberi
1924 1838 1990 1885 de-

314 1906 450 1956 herent.

127 1973 250 2045 dfflffig
384 1975 671 2025 Cancellarius
680 1978 882 2026 omnibus
899 1977 960 2025 his
970 1975 1206 2036 intelleffis,
1230 1977 1357 2027 altera
1371 1976 1441 2026 die
1453 1977 1690 2042 Quaaloujam
1704 1978 1749 2024 8<
1761 1974 1989 2039 Kaoloujam

127 2058 277 2089 senatum.
314 2046 367 2093 ad
380 2049 567 2114 Legatos
579 2045 687 2093 misit
698 2049 942 2113 ‚impe1·anS,
955 2061 1003 2094 ut
1013 2045 1170 2112 absque
1182 2046 1267 2095 ulla
1277 2065 1393 2095 mora
1404 2065 1501 2094 cum
1514 2045 1757 2095 muneribus
1769 2044 1845 2092 suis
1855 2046 1899 2091 in
1917 2046 1990 2091 Se·
2102 2053 2107 2083 ῑ

313 2129 462 2163 natum
473 2117 677 2163 venirent.
716 2117 800 2163 Sed
812 2134 908 2163 cum
921 2115 1057 2166 imber
1067 2117 1454 2164 vehementissimus
1464 2130 1556 2164 tum
1571 2117 1740 2164 caderet
1750 2151 1762 2174 ,
1771 2115 1893 2161 veriti
1906 2116 1990 2160 Le·
2077 2100 2097 2140 5
2111 2122 2114 2147 ²

314 2188 412 2253 gari,
428 2203 481 2232 ne
494 2202 667 2232 munera
680 2184 821 2233 lutosis
833 2184 993 2251 plateis,
1004 2202 1051 2231 ac
1064 2184 1213 2250 pluvio
1222 2185 1335 2234 coelo
1348 2200 1716 2250 corrumperentur
1728 2218 1741 2239 2
1767 2182 1828 2230 bis
1839 2183 1991 2247 depre-
2103 2185 2114 2243 J

313 2257 396 2302 cati
407 2269 566 2302 tantam
579 2254 908 2314 festinationem,
921 2257 966 2303 &
979 2252 1138 2301 differri
1151 2274 1239 2302 rem
1251 2257 1293 2302 in
1304 2256 1572 2303 commodius
1581 2270 1748 2319 tempus
1757 2251 1990 2299 instantisli-
2099 2234 2102 2293 l

313 2324 399 2385 mel
409 2339 605 2391 rogantes
617 2361 629 2384 ³
648 2322 754 2372 nihil
772 2326 995 2390 impetrare
1014 2338 1258 2388 potuerunt.
1299 2328 1419 2393 Ergo
1436 2323 1663 2371 conscensis
1681 2323 1798 2384 equis
1813 2338 1991 2368 munera
2098 2345 2101 2364 ψ

316 2407 437 2440 metu
456 2392 608 2459 pluviae
629 2394 747 2440 domi
768 2393 1078 2458 relinquenteS,
1099 2393 1153 2440 ad
1176 2393 1428 2442 Senaculum
1447 2393 1715 2450 festinarunt,
1732 2389 1802 2437 sed
1813 2407 1902 2437 non
1913 2392 1992 2438 ad-

316 2462 439 2517 miffi,
450 2460 525 2509 nisi
536 2462 760 2528 postquam
771 2480 943 2510 munera
954 2480 1131 2528 quoque
1139 2480 1194 2510 eo
1206 2464 1427 2529 deportata
1439 2498 1453 2518 ,
1475 2481 1568 2528 quae
1585 2463 1647 2509 illa
1667 2460 1786 2506 adhuc
1803 2459 1859 2507 die
1875 2457 1991 2523 hspe-

315 2532 458 2579 &urum
471 2534 726 2595 Imperatorem
738 2566 752 2586 ‚
772 2531 1025 2580 referebant.
1065 2533 1234 2599 lngreffi
1244 2530 1608 2598 ,antequamullos
1619 2529 1892 2577 Senatoribus
1902 2544 1990 2576 tam

316 2599 540 2649 illustribus
549 2602 735 2649 honores
756 2600 962 2649 exhibere
976 2601 1142 2666 poffent
1158 2636 1172 2657 ‚
1190 2602 1327 2649 statim
1338 2600 1553 2649 confidere
1561 2598 1668 2664 jufli.
1704 2597 1992 2646 Cancellarius

317 2667 515 2734 supremo
524 2669 624 2717 loco
635 2669 897 2736 complicatis
908 2670 1090 2735 pedibus
1101 2689 1221 2720 more
1232 2673 1455 2720 Tartarico
1468 2693 1480 2729 3
1503 2669 1556 2716 ad
1568 2669 1762 2716 dextram
1781 2668 1871 2715 duo
1879 2670 1992 2716 Tar-

159 2740 268 2775 stdam
317 2741 433 2786 tarici
445 2743 699 2809 Magnates3
715 2740 769 2787 ad
780 2739 925 2787 laevam
939 2739 1095 2806 Jesuita
1109 2741 1298 2805 quidam,
1311 2741 1432 2787 Adam
1445 2736 1819 2804 ScaltgemColonia
1833 2739 1992 2803 Agrip-

126 2781 290 2898 Ξὲῗιξῖῗῖυ-
317 2808 416 2870 pina
430 2844 442 2867 ,
458 2809 603 2874 utipse
615 2809 777 2858 ferebat
787 2843 801 2864 ‚
822 2809 1026 2856 oriundus
1039 2846 1051 2869 ,
1070 2812 1144 2875 qui
1160 2808 1249 2872 jam
1269 2828 1345 2876 per
1365 2809 1641 2874 quadraginta
1664 2806 1791 2855 &stix
1803 2825 1935 2854 annos
1945 2809 1991 2854 in

129 2869 270 2950 ἓζῖξζξξζ
315 2876 535 2944 Peltingenfi
543 2877 652 2939 aula,
661 2879 802 2927 adhuc
808 2877 941 2926 stante
950 2876 1106 2927 familia
1117 2878 1330 2944 Taiminga,
1340 2877 1572 2925 honoribus
1582 2877 1993 2936 floruerat‚extrema

130 2952 214 2983 lutat·
313 2944 403 3008 jam
414 2946 574 2994 seneffia
586 2965 634 2995 ac
651 2948 847 3013 promissa
858 2949 901 2994 in
916 2947 1061 3013 pectus
1070 2950 1218 2995 incana
1230 2946 1360 2994 barba
1372 2945 1619 2994 venerabilis
1632 2945 1871 2994 videbatur.
1905 2947 1950 2992 N
1955 2946 1989 2990 i-

317 3012 376 3059 hil
387 3011 446 3059 ibi
457 3016 746 3081 magnificum,
756 3017 854 3065 vilia
864 3016 1050 3077 scamna,
1070 3016 1228 3065 detrito
1238 3015 1374 3062 linteo
1385 3015 1504 3064 strata
1517 3053 1530 3076 ,
1552 3015 1640 3082 ipse
1654 3016 1796 3064 Praeses
1807 3012 1987 3062 Consilii

315 3082 440 3132 nudis
457 3084 644 3132 cruribus
660 3084 869 3136 lacernula
886 3086 1122 3135 cannabina
1139 3085 1308 3134 nudum
1329 3102 1484 3152 corpus
1501 3085 1688 3155 tegebat.
1717 3081 1988 3197 compellas}

1921 3169 1945 3199 a
