2099 3412
334 118 401 178 ad
410 121 726 204 Magnum
743 116 1002 180 Tartariae
1022 123 1242 204 Simeque
1259 118 1517 198 Chammn.
1688 140 1712 183 8
1725 146 1745 183 1

81 228 211 273 Ortum
222 223 347 287 'mstis
359 259 372 279 ,
387 229 450 282 Ly
468 225 570 287 apud
584 240 755 289 quartum
766 223 932 289 oppidum
944 224 1160 292 Feuleang
1173 264 1184 284 ,
1200 226 1364 286 secuml-e
1372 229 1533 274 civitatis
1549 229 1747 284 ¹loacheu.

83 295 228 359 Neque
248 307 334 341 vero
355 308 505 350 terram,
520 294 612 339 unde
628 294 786 355 cotfiwt
797 329 811 348 ‚
830 312 880 341 ex
898 293 1074 360 Kiangfi
1091 297 1317 354 Provincia,
1341 309 1469 343 'verum
1487 286 1749 361 ex‘Metropoli

79 362 306 411 Hoeicheu
327 361 570 428 Nankingae
584 368 662 425 peti
684 381 693 406 ε
726 366 768 409 &³
781 379 986 426 quanquam
996 363 1043 410 ibi
1061 365 1152 410 illius
1160 378 1267 410 terrae
1277 366 1363 413 uber
1368 378 1568 427 proventus
1582 401 1597 421 ,
1615 368 1746 415 incolas

77 446 200 479 tamen
218 432 294 493 ejus
312 430 535 494 corficiemlce
556 435 729 478 rationem
748 432 912 496 {gnorare
923 468 936 489 ,
958 430 1064 494 canfflz
1087 431 1311 496 dfhloaquae
1323 447 1600 495 temperamento
1608 440 1738 498 petitu.

79 505 240 565 Operae
250 502 434 565 pretium
447 499 723 564 videtur,quae
736 500 790 546 ab
803 500 1012 566 indigenis
1021 503 1119 566 pagi
1134 504 1180 548 U
1183 502 1314 565 cienjen
1330 502 1417 566 ipse
1430 502 1483 549 de
1496 503 1746 551 Porcellanis

76 568 292 622 intellexi,
314 568 454 614 obiter
475 586 822 617 commemorare.

84 672 86 674 -
144 639 279 685 Terra
314 656 369 684 ex
405 637 622 684 montibus
653 638 856 685 Hoeicheti
886 638 1115 684 Provinciae
1149 638 1337 703 Naznltz'ng
1357 636 1559 686 effoditur
1576 641 1618 686 in
1642 659 1740 705 que:

73 706 165 754 dras
194 706 358 754 redafia
380 742 401 765 .,
435 704 502 754 vel
531 707 672 753 maffas
692 707 885 771 pondere
905 709 1033 754 trium
1054 707 1188 754 Katti.
1244 708 1431 754 Fossbres
1460 725 1547 754 non
1572 707 1647 774 ipsi
1669 711 1741 756 has<

73 776 217 823 massas
226 778 268 823 in
282 793 441 841 pagum
455 777 672 839 Sinlttcfimo
684 774 896 830 deferunt,
909 775 979 822 sed
989 775 1250 823 venundatas
1262 775 1349 823 aliis
1358 779 1654 836 committunt,
1665 781 1741 843 qui

72 843 195 911 signo
209 847 472 910 Imperatoris
496 858 648 891 notant
668 881 680 903 ,
709 863 763 891 ne
786 845 895 893 fraus
915 845 1005 892 fieri
1024 844 1162 909 poffit.
1200 847 1334 892 Terra
1356 846 1440 910 ipsa
1463 864 1551 892 non
1575 849 1741 911 pinguis

72 913 195 961 instar
205 912 571 979 limi,autmarga:,
584 912 652 960 sed
664 912 925 960 sabuliinstar
939 951 952 972 ,
973 914 1093 979 quod
1112 932 1219 978 aqua
1242 930 1500 962 maceratum
1518 917 1561 961 in
1586 917 1742 974 mass'as‘,

70 980 141 1032 vel
152 982 326 1048 quadras
336 983 534 1040 formant,
547 980 786 1030 Porcellana
799 999 974 1047 quoque
985 982 1129 1030 denuo
1138 982 1325 1042 contusa,
1334 986 1683 1049 comminutaqne
1694 987 1739 1031 in

69 1069 227 1100 novam
236 1051 417 1098 formam
428 1051 625 1118 redigunt
645 1088 659 1110 ,
698 1051 1032 1116 haudquaquam
1051 1051 1239 1113 ejusdem
1251 1052 1468 1120 elegantia:
1481 1089 1493 1111 ,
1511 1071 1558 1100 ac
1569 1071 1662 1117 quae
1674 1072 1738 1100 rc-

69 1122 182 1169 centi
195 1135 301 1168 terra
312 1135 625 1184 excoquuntur.
657 1123 720 1168 Ita
732 1134 984 1168 maceratam
997 1135 1147 1168 terram
1161 1158 1173 1180 ,
1187 1134 1235 1168 ut
1246 1121 1363 1187 figuli
1376 1121 1512 1170 lutum
1524 1121 1737 1190 subigunt.

68 1193 209 1239 Extus
220 1192 340 1237 variae
351 1188 552 1248 animalis,
563 1190 888 1255 hominumque,
900 1192 945 1237 3<
958 1189 1194 1255 plantarum
1207 1190 1377 1255 piffiturae
1388 1228 1400 1250 ,
1410 1209 1510 1256 quas
1520 1190 1595 1256 ipsi
1607 1190 1737 1239 artifi-

19 1263 21 1265 ’
66 1261 137 1308 cio
149 1257 347 1324 peculiari
359 1256 595 1317 delineant3
613 1261 718 1306 tanti
732 1261 871 1306 arcani
882 1261 1078 1306 notitiam
1090 1257 1257 1306 nonnisi
1268 1260 1323 1307 ad
1334 1259 1485 1307 liberos
1494 1297 1506 1319 ,
1522 1263 1567 1308 8<
1578 1262 1735 1309 intimae

64 1327 320 1377 admistionis
330 1325 664 1376 transmittentes,
701 1330 816 1375 Tam
826 1341 993 1393 promta
1007 1325 1249 1376 Sinenfibus
1271 1330 1315 1375 in
1327 1330 1406 1377 hac
1414 1343 1501 1376 arte
1515 1331 1676 1395 peritia,
1687 1345 1736 1378 ut

66 1395 334 1462 conspectam
346 1394 685 1462 qualemcunque
694 1396 977 1463 plantam,aut
987 1396 1139 1445 animal
1152 1397 1289 1445 statim
1303 1397 1550 1445 Porcellanis
1561 1398 1701 1446 illinan
1707 1414 1733 1447 t.

67 1469 228 1532 Neque
248 1482 391 1513 tamen
413 1466 565 1513 eadem
583 1465 782 1513 omnibus
805 1464 1047 1514 Porcellana
1067 1466 1270 1515 tractandi
1293 1470 1410 1516 ratio,
1457 1468 1648 1523 Quidam
1668 1487 1732 1515 re-

67 1535 262 1584 centibus
282 1535 416 1582 statim
435 1535 567 1581 maffis
590 1549 794 1594 utuntur,
818 1533 887 1582 alii
910 1538 1005 1582 aere
1026 1537 1138 1600 prius
1155 1535 1385 1583 densantin
1397 1535 1583 1600 lapidem
1597 1575 1609 1594 ,
1631 1538 1733 1584 inde

64 1607 358 1652 comminutos
370 1602 654 1669 cribratosque
663 1621 771 1669 aqua
792 1603 965 1651 miscent
985 1606 1028 1651 in
1050 1603 1127 1653 luti
1146 1603 1327 1670 speciem
1340 1643 1352 1664 ,
1372 1607 1417 1653 8<
1440 1605 1642 1655 indevasa
1655 1607 1732 1653 fin-

69 1688 201 1743 gunt,
221 1673 360 1720 conio
380 1675 424 1720 in
445 1671 617 1721 fornace
639 1672 738 1721 talis.
785 1671 889 1721 Vasa
911 1674 1096 1737 primum
1117 1677 1212 1721 aere
1234 1672 1459 1732 siccantur,
1478 1689 1550 1722 aut
1568 1674 1731 1723 solibus.

66 1742 269 1809 Imposita
288 1744 417 1792 furno
432 1742 626 1806 undique
649 1740 810 1802 clauso,
828 1742 1077 1807 quindecim
1097 1742 1246 1790 diebus
1266 1741 1408 1791 valido
1419 1757 1594 1791 utuntur
1609 1747 1728 1810 igne:

66 1812 228 1861 summa
243 1830 342 1858 cura
359 1811 416 1858 est
429 1846 440 1868 ,
463 1828 518 1857 ne
537 1810 629 1859 illus
656 1815 726 1859 aer
740 1812 1008 1877 ingrediatur.
1046 1811 1143 1859 Post
1160 1811 1406 1877 quindecim
1425 1812 1593 1860 dierum
1614 1815 1733 1880 ignes

66 1880 214 1931 stnsnn
232 1880 463 1946 refrigerati
478 1918 491 1938 ,
512 1879 714 1928 tricesima
734 1880 804 1927 die
817 1880 991 1927 excofia
1002 1880 1242 1948 frigidaque
1253 1896 1532 1946 promuntur,
1556 1900 1654 1929 nam
1675 1901 1732 1930 ex.

66 1950 285 1998 subitanea
302 1951 621 2014 refrigeratione
639 1952 794 1997 vitrum
808 1948 1030 2016 fragilitate
1048 1950 1299 2017 superarent.
1336 1950 1470 1997 Adest
1492 1951 1595 1998 dum
1618 1951 1732 1999 furni

66 2021 314 2087 aperiuntur
336 2021 602 2083 Imperatoris
622 2018 859 2083 praefectus,
877 2021 951 2084 qui
965 2020 1156 2084 quintam
1167 2021 1261 2082 jure
1274 2019 1419 2066 Sinico
1430 2019 1547 2086 eligit
1558 2023 1729 2086 pariter,

66 2092 112 2138 &
123 2087 274 2143 aufert,
284 2086 495 2134 residuum
507 2088 717 2147 venditur,
730 2086 820 2142 illis,
830 2089 904 2153 qui
916 2106 1075 2155 pagum
1095 2089 1270 2153 Ucienjen
1281 2088 1495 2149 habitant,
1508 2091 1627 2154 quod
1641 2092 1731 2137 uni-

66 2173 166 2206 cum
186 2172 276 2205 tota
296 2158 394 2204 Sina
415 2155 755 2205 Porcellanorum
777 2156 1112 2222 receptaculum,
1137 2157 1251 2206 unde
1262 2176 1338 2223 per
1352 2158 1501 2206 orbem
1514 2158 1656 2223 postea
1669 2161 1731 2207 di»

68 2226 320 2275 strabuntur.

135 2294 339 2359 Traje5²m
349 2292 443 2341 lacu
456 2295 741 2361 Poyancgnquod
753 2297 797 2343 &
810 2295 933 2359 Pingli
944 2308 1111 2355 vocant,
1124 2295 1320 2362 vigefima
1331 2295 1445 2344 sexta
1455 2297 1597 2343 civitas
1612 2295 1728 2343 Nan»
1747 2312 1903 2359 Transver-

66 2365 163 2429 hang
174 2364 360 2411 occiduae
369 2363 407 2426 ej
413 2381 458 2409 us
466 2366 566 2429 ripae
575 2362 783 2424 adjacens,
791 2362 1014 2427 conspecta
1026 2363 1148 2411 nobis
1156 2365 1248 2412 fuit.
1292 2365 1499 2413 Latitudo
1519 2366 1558 2427 ej
1564 2383 1609 2411 us
1620 2401 1632 2424 ,
1654 2364 1729 2412 ubi
1746 2353 1892 2434 {ssossssfflm

67 2435 123 2481 ad
134 2431 468 2498 Barropeliotem
480 2433 592 2479 urbis
610 2431 732 2480 situm
744 2431 802 2479 est
813 2472 826 2493 ,
848 2433 932 2479 hoc
942 2450 1056 2480 mare
1068 2471 1078 2491 ,
1097 2435 1377 2502 quadraginta
1388 2433 1628 2492 stadiorum,
1640 2433 1730 2481 lon-
1749 2424 1877 2506 1⁹:¹55}
1886 2447 1916 2466 ³²

68 2504 235 2567 gitudo,
245 2517 291 2549 ut
304 2500 652 2567 Sinaessperhibent
663 2515 961 2549 trecentorum.
989 2502 1082 2568 Ipsa
1101 2505 1142 2549 in
1156 2502 1354 2551 montoso
1368 2501 1477 2550 colle
1494 2518 1670 2550 centum
1683 2506 1728 2551 &
1748 2489 1856 2510 venum
1874 2504 1878 2508 ’

66 2571 282 2637 octoginta
295 2575 358 2629 Ly
370 2571 608 2637 Nanchanga
619 2570 753 2618 distat.
786 2570 882 2635 Ipso
893 2572 935 2617 in
946 2586 1072 2635 portu
1085 2571 1279 2621 semiruta
1290 2575 1408 2621 turris
1417 2571 1575 2637 septem
1588 2571 1726 2620 altitu-

71 2640 172 2687 dine
189 2642 561 2706 comignationum
572 2675 585 2695 ,
607 2658 699 2705 quae
721 2638 829 2686 scalis
849 2639 1069 2688 constensa
1087 2640 1221 2688 latum
1233 2643 1394 2689 viciniae
1406 2642 1544 2687 omnis
1560 2656 1729 2688 contra-

70 2708 184 2755 &um
207 2709 397 2756 exhibet.
438 2711 608 2757 Moenia
620 2743 633 2763 ,
652 2722 700 2756 ut
712 2725 833 2755 mons
851 2706 1014 2756 acclivis
1028 2710 1305 2769 varioducffhi,
1325 2708 1474 2776 insigni
1486 2708 1727 2768 altitudine,

74 2779 120 2824 &
145 2794 276 2841 opere
286 2812 299 2834 ,
318 2779 391 2825 vix
412 2778 516 2826 hora
535 2779 741 2825 circumiri
761 2778 944 2842 possunt.
979 2781 1139 2843 Neque
1150 2777 1227 2826 alia
1240 2778 1472 2843 platearum
1484 2780 1591 2826 ratio
1601 2814 1615 2834 ,
1635 2798 1728 2844 quae

74 2844 250 2912 gibbosa
261 2849 418 2893 moenia
430 2848 659 2895 imitantur.
689 2845 765 2893 Ab
775 2846 1017 2894 Occidente
1027 2847 1115 2893 duo
1127 2845 1282 2910 lapidei
1293 2865 1406 2894 arcus
1420 2869 1432 2905 3
1446 2848 1546 2894 inde
1557 2866 1664 2912 pons
1674 2867 1728 2895 ex

73 2913 176 2962 saxo
187 2950 200 2972 ,
218 2915 263 2961 8<
275 2929 396 2978 porta
408 2916 450 2961 in
459 2916 610 2964 urbem
622 2917 738 2963 ducit
753 2915 861 2962 firmi
875 2917 1024 2980 operis.
1063 2917 1199 2962 Prima
1210 2916 1263 2963 ad
1279 2914 1424 2963 laevam
1447 2914 1584 2981 platea
1597 2921 1732 2964 Arcus

70 2980 344 3047 triumphales
352 3000 469 3031 more
479 2986 622 3032 Sinico
634 2983 816 3033 ostentat
827 3003 836 3030 ε
862 2997 1008 3032 caetcra
1016 2982 1174 3033 famam
1185 2986 1312 3033 ruinis
1323 2984 1544 3045 deformia,
1554 2988 1598 3033 8<
1612 2988 1733 3053 igno-

68 3050 234 3100 bilitate
248 3065 458 3116 premunt.

1022 3123 1060 3169 L
1595 3119 1735 3170 Multa
