2119 3385
380 109 448 170 acl
457 112 776 196 Magnum
793 108 1053 181 ‘Tartariae
1074 116 1294 198 Sz'naeque
1312 112 1572 194 Chaunum.
1739 141 1761 186 3
1780 142 1800 191 ς

194 219 381 266 Decima
392 230 539 283 quarta
556 220 736 270 Makaoae
760 216 901 265 insulae
923 218 1086 266 Boreali
1105 218 1328 269 latitudine
1347 225 1498 290 viginti
1517 225 1561 270 ἃ
1576 224 1700 270 unius
1717 243 1807 291 gra-

124 287 261 335 duum
272 322 285 342 ,
306 289 352 335 &
365 289 515 336 decem
527 289 791 336 minutorum
803 286 1118 354 conspiciendas
1134 289 1174 336 se
1186 290 1487 352 exhibuerunt,
1498 296 1542 340 &
1555 311 1804 360 quanquam

125 359 235 403 varia
248 357 347 404 hinc
362 357 461 404 inde
477 358 660 424 navigia,
673 356 954 422 hominesque
968 373 1223 425 vagarentur
1233 394 1246 414 ,
1267 358 1421 407 nullius
1432 377 1574 410 tamen
1588 366 1712 427 copia
1725 382 1806 410 no-

123 423 186 472 bis
202 426 300 474 data
318 426 420 485 fuit,
436 426 595 474 cunffis
605 441 723 474 metu
737 429 880 473 Piratae
892 430 1097 493 Koxingae,
1107 426 1174 474 illa
1186 427 1326 476 littora
1338 433 1552 494 perpetuis
1564 431 1806 480 incursioni--

121 493 200 541 bus
217 498 405 544 vexantis
415 530 427 551 ,
445 498 556 544 adeo
565 498 807 561 perterritis,
817 509 865 543 ut
875 532 887 555 ,
898 497 1104 561 quicquid
1115 499 1289 546 navium
1300 501 1403 545 mari
1416 499 1563 547 vident
1575 503 1804 566 appropin-

120 583 275 629 quare,
296 564 386 629 ejus
409 564 665 613 arbitrentur
686 564 844 612 subesse
864 567 1047 631 imperio
1072 588 1085 625 3
1109 580 1239 632 atque
1256 568 1357 615 hinc
1368 566 1803 633 fuga‚&desertalate

124 633 281 682 littora.

195 703 497 752 Decimasexta
517 701 840 751 celeberrimum
859 704 990 752 totius
1012 706 1119 752 Sinae
1131 708 1391 771 Emporium
1407 707 1556 756 Makao
1573 705 1801 757 latitudine

118 775 271 838 viginti
284 776 329 822 ὃς
341 776 464 821 unius
474 774 699 840 graduum,
715 775 867 821 decem
885 775 1148 822 minutorum
1160 776 1419 841 praeterveffi
1430 810 1443 830 2
1462 775 1584 824 situm
1597 778 1798 843 ejus‚po-

119 841 377 907 fitur-amque
392 877 405 898 ,
426 856 474 890 ut
486 842 635 908 procul
652 861 707 889 ex
727 845 829 890 mari
843 842 934 890 sieri
947 848 1467 908 poterat2annotavimus.
1514 846 1626 895 Urbs
1648 846 1732 894 hoc
1753 851 1799 897 in

120 913 277 979 exigua
287 911 359 959 sita
370 910 611 977 insula,quae
620 913 770 976 majori
782 911 901 959 alteri
915 913 1111 972 cohaeret,
1121 928 1315 962 montem
1326 933 1381 963 ex
1393 917 1494 962 mari
1505 930 1798 983 emergentem

118 980 195 1028 suo
207 981 372 1029 ambitu
383 994 587 1047 occupat,
605 984 799 1047 undique
811 994 960 1047 praeter
976 981 1030 1030 ad
1043 984 1237 1042 Boream,
1247 984 1322 1032 ubi
1334 987 1489 1051 exigua
1506 984 1650 1052 lingua
1660 991 1797 1035 conti-

118 1052 239 1098 nenti
259 1052 476 1118 jungitur,
500 1052 604 1098 mari
626 1049 886 1099 circumfusa.
922 1053 1095 1101 Hinc&
1110 1068 1257 1101 natura
1273 1053 1586 1102 loci&ambitu
1601 1058 1794 1105 marisin-

118 1119 457 1188 expugnabilem
467 1120 507 1168 se
516 1118 704 1167 hostibus
709 1121 848 1184 jaciat.
884 1123 1011 1168 Mare
1027 1140 1117 1169 non
1129 1124 1242 1171 adeo
1261 1122 1394 1171 altum
1418 1125 1705 1188 &majoribus
1722 1146 1795 1175 na-

119 1192 244 1257 vigiis
253 1189 313 1236 ob
325 1189 762 1255 breviainnavigabile
781 1229 795 1250 ,
815 1188 890 1237 nisi
903 1208 986 1255 qua
998 1206 1146 1256 portus
1153 1191 1193 1239 se
1203 1192 1385 1240 infinuat
1395 1230 1408 1253 ,
1423 1192 1539 1256 cujus
1547 1195 1709 1243 aditum
1717 1214 1794 1245 arx

117 1259 346 1307 firmissima
362 1258 533 1308 claudit.
564 1257 734 1307 Nullibi
755 1278 832 1326 per
853 1261 996 1307 Sinam
1009 1260 1145 1324 major
1166 1275 1482 1311 tormentorum
1493 1282 1709 1312 aeneorum
1721 1284 1793 1313 co-

116 1331 208 1395 pia,
226 1346 320 1393 quae
337 1331 558 1391 enginico
569 1331 873 1398 Japonicoque
891 1348 971 1377 aere
989 1329 1085 1379 fufis
1095 1350 1358 1398 peromnem
1376 1332 1713 1398 postealndiam,
1726 1338 1793 1384 in-

115 1400 236 1464 genti
252 1398 393 1459 lucro,
413 1399 707 1450 distrahuntur.
745 1399 898 1448 Versus
916 1401 1211 1450 continentem
1235 1403 1326 1450 duo
1337 1416 1506 1451 tantum
1515 1403 1694 1452 Castella
1705 1405 1792 1453 col-

116 1468 227 1516 libus
236 1468 550 1534 supereminent
561 1482 709 1517 contra
726 1470 937 1535 impetum
951 1470 1199 1519 terrestrem.
1219 1474 1265 1519 N
1269 1470 1360 1519 ullae
1373 1471 1448 1532 ibi,
1458 1491 1540 1538 qua
1550 1473 1791 1540 prospeEtus

116 1538 331 1587 latiffimus
342 1538 465 1586 datur
477 1576 492 1598 ,
515 1537 682 1586 arbores
692 1551 766 1586 aut
775 1538 957 1596 fruteta3
974 1539 1080 1587 liber
1098 1541 1292 1607 undique
1308 1544 1354 1589 8<
1373 1540 1459 1590 sine
1475 1544 1789 1609 impedimento

117 1626 196 1676 per
206 1609 395 1674 patentia
405 1626 655 1674 camporum
667 1608 922 1674 prospectus,

116 1677 259 1727 Prisco
271 1696 363 1726 aevo
370 1677 484 1725 urbis
492 1678 636 1726 locum
646 1677 773 1726 Idolo
781 1684 880 1727 Ama
890 1678 1147 1730 sacraverant
1157 1719 1170 1742 ,
1187 1685 1340 1731 &cum
1352 1697 1498 1748 portus
1512 1682 1586 1743 ibi,
1596 1686 1788 1732 navium-

115 1767 204 1812 que
223 1747 348 1804 statio
364 1783 376 1806 ‚
402 1750 509 1795 Sinis
517 1751 598 1796 Gao
610 1747 907 1814 appellaretur,
913 1750 1060 1814 jun&a
1076 1770 1203 1811 voce,
1213 1752 1312 1800 urbs
1326 1759 1487 1800 Amacao
1498 1768 1662 1810 vocata,
1672 1755 1791 1803 unde

117 1818 266 1869 Maltao
278 1816 346 1866 vel
360 1818 512 1867 Mzkou
533 1817 792 1866 hodiernum
816 1837 977 1867 nomen
989 1820 1130 1869 fluxit.
1163 1821 1276 1871 Urbs
1293 1822 1378 1888 ipsa
1390 1825 1412 1870 a
1424 1821 1628 1871 Lufitanis
1641 1825 1790 1872 Sinen—

113 1886 222 1935 sium
246 1885 414 1934 indultu
436 1886 584 1935 stru&a
607 1924 620 1948 ,
652 1887 772 1935 brevi
801 1902 1000 1954 tempore
1020 1893 1264 1957 emporium
1283 1892 1624 1940 florentiffimum
1645 1892 1790 1949 evasit,

114 1957 237 2023 quod
260 1961 489 2023 Europaeas
499 1959 542 2004 in
555 1975 605 2005 ea
620 1975 779 2006 merces
799 1959 976 2006 navibus
985 1958 1063 2007 suis
1074 1963 1260 2026 primum
1269 1959 1538 2027 exponerent
1549 1998 1561 2020 ,
1580 1963 1789 2010 Sinenscs-

116 2046 202 2092 que
214 2026 372 2074 lucrosa
384 2027 665 2076 vicissitudine
676 2029 928 2094 reciperent.
939 2030 1126 2078 Acceffit
1137 2033 1360 2097 impetrata
1369 2030 1536 2080 libertas
1543 2030 1606 2078 bis
1615 2033 1660 2079 in
1672 2051 1789 2080 anno

115 2095 412 2144 Kantonenses
432 2097 619 2145 adeundi
636 2099 848 2147 nundinas
870 2122 883 2160 3
922 2101 1039 2147 unde
1066 2102 1216 2168 ingens
1232 2102 1380 2149 Sinicae
1399 2114 1640 2149 mercaturae
1661 2105 1789 2168 copia

115 2166 300 2228 Kmtona
316 2168 369 2212 M
373 2166 507 2215 almum
517 2170 759 2233 quotannis,
770 2166 954 2217 florente
967 2169 1110 2217 adhuc
1118 2187 1269 2238 regn0‚
1278 2170 1558 2219 deferebatur.
1568 2170 1693 2219 Mille
1704 2186 1786 2220 tre-

115 2250 250 2284 centae
259 2237 398 2283 omnis
418 2239 580 2302 generis
589 2237 817 2285 sericorum
833 2257 1078 2305 pannorum
1098 2257 1224 2299 arcae,
1243 2239 1432 2305 qualibet
1444 2258 1535 2288 arca
1546 2254 1717 2288 centum
1739 2245 1787 2290 8<

115 2307 429 2373 quinquaginta
439 2303 564 2353 serica
575 2304 967 2372 volumina,praeter
978 2327 1119 2372 panna
1129 2308 1214 2355 rasa
1226 2344 1239 2367 ,
1257 2309 1529 2368 damascena,
1549 2312 1595 2357 ὃς
1614 2308 1690 2357 alia
1710 2310 1786 2358 hu»

111 2374 300 2441 jusmodi
312 2376 576 2422 continente.
597 2376 708 2422 Auri
718 2374 782 2422 bis
791 2375 906 2423 mille
917 2379 1151 2443 quingenta
1162 2391 1350 2425 ramenta
1363 2377 1446 2425 five
1459 2379 1606 2438 massae,
1616 2377 1787 2446 singula:

117 2446 268 2493 decem
279 2442 515 2492 Toelarum
523 2441 688 2508 (Toela
700 2447 869 2511 pondus
880 2447 1086 2494 tredecim
1099 2447 1351 2494 ducatorum
1361 2462 1659 2514 argenteorum
1678 2467 1787 2514 pon-

118 2514 195 2561 dus
205 2512 368 2580 aequat)
383 2512 465 2561 sive
479 2513 681 2561 tredecim
693 2516 914 2563 unciarum
926 2516 1129 2580 pondere.
1142 2516 1416 2582 Offingentae
1427 2517 1587 2564 muschi
1599 2516 1725 2576 librae,
1737 2522 1785 2568 8<

117 2582 686 2650 gemmaruminaestimabilis
707 2582 981 2633 abundantia.
1018 2589 1080 2633 lta
1100 2585 1386 2653 pulcherrimo
1405 2586 1518 2634 urbis
1535 2585 1613 2633 situ
1633 2589 1784 2653 procul

121 2651 328 2712 delefitati,
337 2652 510 2700 insulam
526 2688 537 2710 ‚
553 2654 621 2699 cui
635 2654 680 2699 G
690 2657 737 2701 O
750 2658 790 2700 Y
803 2658 842 2702 E
852 2655 896 2701 R
909 2657 963 2702 AE
975 2657 1018 2701 in
1031 2654 1240 2703 honorem
1252 2656 1479 2722 Magnifici
1501 2658 1655 2723 Legati
1676 2660 1784 2706 Petri

122 2720 165 2766 de
180 2727 298 2784 Geyer
317 2740 478 2770 nomen
498 2723 667 2781 datum,
683 2721 1086 2787 appulsi5ancoram
1103 2726 1294 2789 jecimus.
1328 2726 1513 2771 Decima
1523 2726 1672 2775 octava
1682 2727 1783 2775 Sole

121 2791 268 2837 occaso
281 2805 454 2855 portum
477 2795 541 2840 H
538 2806 700 2853 eytamon
721 2794 845 2840 unica
863 2809 962 2839 cum
974 2796 1070 2842 navi
1082 2794 1284 2858 Koukerlx‘a
1303 2791 1457 2856 (altera
1466 2793 1783 2846 Bloemcndalia
1799 2796 1962 2869 ξῖὒζῖἷζῐζτ

121 2859 436 2922 tempestatibus
455 2874 555 2908 ante
572 2861 795 2909 offitiduum
818 2861 873 2908 ad
894 2863 1179 2925 Kouchinchinae
1200 2861 1342 2910 littora
1359 2861 1535 2928 abrepta
1547 2900 1559 2923 ,
1577 2865 1671 2930 post
1681 2884 1783 2931 qua·
1797 2845 1856 2878 ‘pp
1957 2861 1962 2870 ⁹

122 2927 315 2994 draginta
334 2929 433 2977 οᾶο
456 2931 633 2977 demum
655 2929 745 2977 dies
765 2933 986 2994 Kantonam
1006 2932 1060 2979 ad
1082 2949 1159 2979 nos
1175 2928 1325 2995 venit)
1346 2933 1513 2999 ingreffi
1525 2935 1683 2999 pedem
1694 2935 1783 2984 feli-

118 2997 222 3044 citer
235 2998 279 3044 in
293 2998 391 3047 Sina
399 2998 668 3050 exscensione
685 2997 794 3050 facta
813 2998 1043 3066 posuimus,

1018 3143 1058 3188 E
1093 3157 1118 3188 2
1622 3145 1784 3190 HEY-
