2050 3412
260 156 282 193 1
299 158 320 192 1
336 150 363 194 8
614 132 757 190 ‘Part
771 125 939 187 ultima
961 126 1244 211 Legationis
1266 129 1532 187 Patavicae

323 228 491 281 Nullibi
507 230 599 276 tota
619 230 716 277 Sina
727 227 882 294 plureS,
891 245 1018 293 quam
1031 229 1075 274 in
1090 226 1524 294 Chelx‘ingssombyces
1537 265 1550 287 ,
1562 226 1635 274 ubi
1651 227 1807 277 eodem
1817 246 1911 295 quo

261 307 304 352 in
313 297 663 365 Europalabore,
676 314 980 365 propagantur.
1015 298 1078 345 Ut
1092 296 1241 345 falsum
1256 297 1305 344 sit
1320 314 1450 344 omne
1465 297 1641 345 sericum
1652 299 1696 346 in
1710 298 1809 346 Sina
1817 299 1908 347 abs·

262 390 347 438 que
359 371 548 418 humano
563 367 726 426 labore,
741 369 784 414 in
796 366 1018 414 arboribus
1029 367 1223 414 crescere.
1942 371 1945 375 '

327 442 375 487 ln
391 447 454 492 X
456 452 596 504 antmig
621 436 692 484 fila
725 435 851 484 serica
883 436 938 484 de
955 436 1175 485 arboribus
1201 438 1246 483 &
1270 436 1386 483 teffis
1407 434 1561 482 :edium
1576 452 1624 483 ac
1643 454 1718 502 per
1735 454 1914 504 campos

259 509 417 576 sponte
435 506 682 573 dependent
698 546 713 566 ,
747 523 837 554 non
848 505 870 551 a
881 504 1169 571 Bombycibus
1180 542 1193 565 ,
1203 505 1272 553 sed
1283 506 1369 552 alio
1385 506 1592 553 vermium
1602 522 1755 571 genere
1765 506 1912 572 ,quod

261 581 396 626 erucis
415 595 503 625 non
524 576 760 624 admodum
778 574 974 623 dissimile
990 575 1073 635 est,
1105 575 1311 623 comedia.
1347 574 1507 622 Sericea
1516 573 1600 620 tela
1609 591 1666 622 ex
1680 577 1766 624 hoc
1780 577 1914 625 scrico

261 648 454 696 eonfesta
465 645 614 711 paullo
630 645 797 693 craffior
810 643 870 692 est
879 680 892 705 ,
901 661 1029 711 quam
1047 662 1103 692 ex
1116 644 1385 712 Bombycum
1401 642 1482 691 filis
1493 679 1506 703 ,
1520 642 1591 691 sed
1602 642 1722 692 simul
1732 662 1914 715 quoque

263 716 502 765 durabilior
513 716 558 762 &
569 713 750 763 dcnfior.

917 867 1230 954 essmphibin.

268 997 406 1110 M
425 998 525 1047 Ulta
542 1014 816 1076 quoque-per
829 999 970 1045 Sinam
992 996 1214 1061 Amphibia,
1246 994 1450 1060 ambiguo
1466 1009 1582 1044 terrae
1601 997 1647 1044 &
1664 1013 1785 1062 aquae
1794 995 1916 1047 com-2

427 1085 588 1116 merem
606 1082 780 1115 utentia.
1431 1097 1434 1101 -

332 1141 382 1186 In
398 1143 607 1204 Huquang
616 1136 753 1184 fluvio
766 1139 884 1204 Siemg
895 1172 907 1194 ,
918 1134 1063 1182 bellua
1072 1136 1173 1200 equi
1184 1133 1334 1199 specie,
1344 1133 1414 1181 sed
1424 1133 1686 1200 squammosa
1695 1152 1743 1183 ac
1757 1137 1914 1203 ungui-

264 1208 359 1265 bus,
368 1223 418 1256 ut
425 1207 592 1272 Tigres.
629 1207 835 1254 Homines
846 1205 1002 1271 pariter
1011 1221 1058 1251 ac
1070 1202 1220 1252 bestias
1238 1203 1443 1267 imprimis
1455 1220 1664 1253 autumno
1673 1240 1686 1265 ,
1700 1205 1777 1253 ubi
1796 1206 1917 1272 aquis

264 1277 471 1345 egressum
480 1291 655 1323 omnem
676 1277 897 1340 regionem
907 1286 1173 1339 pervagatur,
1181 1273 1366 1321 dilaniat.

335 1349 383 1393 ln
403 1350 608 1410 Quantung
622 1344 737 1409 apud
762 1345 966 1394 Hoeicheu
981 1379 995 1402 ,
1023 1340 1168 1389 bellua
1182 1347 1241 1393 H
1241 1344 1431 1409 oangcioya
1445 1377 1458 1399 ,
1484 1341 1532 1398 jd
1549 1340 1609 1389 est
1629 1340 1763 1391 flavus
1780 1342 1915 1410 pisciS.

264 1419 365 1464 Hoc
382 1407 533 1462 animal
552 1430 693 1477 neque
702 1412 825 1478 piscis
840 1452 855 1474 ,
873 1428 1015 1476 neque
1029 1412 1116 1458 avis
1137 1409 1212 1459 est.
1245 1411 1327 1457 Sed
1341 1412 1532 1459 medium
1549 1411 1917 1479 interutrumque.

262 1488 376 1534 Nam
386 1496 478 1531 tota
487 1481 626 1531 aestate
635 1484 722 1530 avis
738 1480 887 1530 colore
902 1480 1019 1528 flavo
1034 1479 1096 1529 est
1105 1516 1118 1540 ,
1134 1481 1178 1528 in
1188 1478 1410 1529 montibus
1420 1479 1592 1528 volans:
1611 1494 1820 1531 autumno
1830 1499 1920 1531 ma-

260 1570 308 1603 re.
337 1555 494 1602 iterum
523 1550 636 1600 subit
659 1553 705 1600 &
726 1550 849 1620 piscis
865 1548 946 1613 fit,
974 1567 1106 1617 quem
1114 1562 1391 1617 tumcaptum
1412 1567 1513 1601 cum
1531 1549 1755 1618 voluptate
1772 1568 1920 1604 come-

260 1623 384 1672 dunt.

957 1777 1000 1839 C
998 1773 1201 1836 rocodili.

261 1871 373 2014 Α
394 1906 488 1955 Pud
505 1907 697 1956 Chaocheu
710 1906 756 1953 in
767 1904 906 1952 fluvio
925 1902 982 1968 Co
996 1903 1221 1952 Crocodili
1235 1903 1351 1962 sunt,
1375 1903 1491 1951 Indis
1508 1904 1690 1967 Kaiman
1707 1904 1846 1969 specie
1861 1905 1921 1954 la-
1972 1962 1975 1963 ⁷
2006 1947 2009 1950 ,

392 1989 528 2034 certae,
541 1975 688 2021 colore
704 1991 860 2021 croceo
870 2009 882 2032 ,
895 1988 1044 2038 praeter
1054 1986 1260 2032 ventrem,
1274 1974 1348 2037 qui
1365 1972 1495 2023 albus.
1535 1973 1658 2021 Pellis
1677 1973 1755 2020 sub
1770 1988 1922 2024 ventre

262 2041 418 2103 mollis,
431 2042 579 2108 ibique
589 2042 713 2090 facile
723 2041 979 2101 vulneratur,
989 2055 1037 2089 ut
1050 2041 1155 2089 falso
1166 2041 1323 2089 Plinius
1337 2042 1542 2107 scripserit
1552 2041 1710 2108 pellem
1719 2042 1920 2092 insaucia-

260 2107 394 2160 bilem
402 2111 496 2160 effe.
532 2114 636 2160 Lata
651 2111 792 2159 fronte
801 2109 939 2158 rostro
950 2112 1071 2176 porci
1082 2109 1210 2169 ,riCtu
1219 2111 1271 2158 ad
1282 2128 1399 2158 aures
1409 2109 1560 2177 patulo
1570 2148 1583 2172 ,
1601 2111 1801 2160 dentibus
1811 2148 1824 2170 ,
1843 2115 1919 2178 qui

260 2182 429 2247 magni,
447 2179 589 2228 albi&
601 2179 788 2240 robusti,
804 2179 1103 2245 pe&inatimi11
1113 2196 1189 2228 ore
1204 2178 1415 2246 dispositis
1441 2198 1450 2224 :
1480 2180 1743 2247 superiorem
1754 2195 1922 2232 tantum
1964 2222 1967 2226 .
1993 2177 2022 2195 '⁴'
2047 2221 2050 2241 ,

261 2249 485 2297 maxillam
500 2264 663 2309 movet,
673 2251 853 2296 immota
868 2248 1059 2296 inferiori
1075 2248 1219 2315 lingua
1232 2262 1345 2296 caret
1357 2288 1371 2310 ,
1389 2246 1480 2309 ejus
1492 2249 1593 2298 loco
1604 2250 1802 2315 pellicula
1812 2251 1921 2300 infe-

262 2319 365 2365 riori
380 2315 638 2367 mandibulae
650 2318 877 2366 adhaerens
912 2317 1064 2365 Oculis
1075 2322 1207 2385 magis
1218 2319 1263 2365 8<
1274 2317 1482 2379 rotundis,
1491 2322 1610 2386 nigra
1625 2319 1787 2386 pupilla
1797 2356 1811 2379 ,
1819 2321 1923 2368 dor..

265 2386 312 2434 so
328 2387 544 2453 sexaginta
559 2387 860 2445 vertebrarum,
869 2386 1051 2452 pedibus
1063 2389 1269 2436 uncinatis
1280 2389 1326 2435 8<
1336 2389 1575 2437 extrorsum
1583 2388 1776 2448 detortis,
1786 2390 1923 2440 cauda

266 2455 422 2521 reliqui
442 2458 634 2522 corporis
657 2456 940 2524 longitudine.
977 2461 1180 2513 Quatuor
1197 2455 1404 2506 mensium
1427 2459 1611 2505 inediam
1627 2456 1735 2505 ferre
1750 2458 1891 2523 potest
1904 2478 1918 2506 ε

264 2523 487 2574 famelicus
506 2526 691 2573 hominis
710 2525 1001 2585 instar,ululat.
1037 2525 1921 2592 Cursucclerrimo,sedaegreinflec'luntur
1998 2575 2007 2593 „
2047 2529 2050 2534 ’

266 2593 329 2642 ob
351 2594 523 2643 dorsum
539 2594 751 2661 rigidum,
773 2612 859 2661 qua
876 2595 1005 2641 etiam
1021 2596 1140 2642 eausa
1155 2595 1261 2662 saepe
1276 2595 1460 2660 praedam
1478 2599 1689 2644 amittunt.
1726 2598 1920 2655 Quidam

265 2662 371 2711 limo
382 2665 525 2711 vivere
540 2663 768 2730 perhibent
779 2700 792 2723 ,
821 2663 891 2710 sed
903 2681 1046 2711 revera
1062 2664 1193 2730 pisces
1211 2665 1359 2723 edunt,
1372 2682 1421 2712 ac
1433 2664 1711 2712 humanarum
1729 2670 1922 2716 carnium

264 2732 379 2779 avidi
398 2732 505 2783 sunt.
543 2732 811 2780 Animalibus
822 2734 865 2779 in
883 2746 990 2781 terra
1001 2733 1261 2793 insidiantur,
1275 2735 1456 2793 eoEunt,
1478 2733 1669 2782 foemella
1686 2734 1728 2781 in
1746 2736 1920 2785 dorsum

265 2799 452 2850 cubante
469 2803 515 2849 &
535 2802 752 2868 sexaginta
765 2818 870 2859 ova,
898 2801 1186 2851 anserinorum
1208 2801 1523 2867 magnitudine,
1540 2804 1729 2868 pariente
1745 2820 1796 2850 ac
1811 2806 1920 2853 intra

267 2868 487 2936 sexaginta
506 2870 596 2917 dies
612 2869 882 2927 excludente,
919 2870 1116 2928 Qidam
1138 2890 1222 2919 ova
1237 2870 1312 2918 sub
1327 2887 1451 2918 arena
1466 2871 1626 2920 defoffa
1644 2870 1785 2920 calore
1811 2874 1920 2923 Solis

265 2938 439 2986 excludi
454 2939 622 2987 volunt.
665 2939 848 2987 Nullum
869 2939 1022 2987 animal
1046 2939 1070 2986 a
1088 2954 1176 2988 tam
1190 2942 1354 3006 exiguo
1372 2939 1496 2988 initio
1515 2943 1560 2989 in
1577 2955 1736 2990 tantam
1756 2942 1918 2991 molem

263 3001 467 3053 excrescit
478 3026 489 3054 z
502 3025 601 3056 nam
619 3010 791 3074 triginta
807 3007 970 3072 pedum
985 3007 1104 3074 longi
1114 3010 1393 3074 reperiuntur.
1431 3010 1919 3074 Ichneumon,ssubalus,

260 3073 312 3128 v&
322 3074 479 3142 Tigris,
487 3077 596 3127 inter
606 3093 702 3125 aves
715 3077 932 3143 accipiter,
942 3094 999 3125 ex
1009 3076 1193 3142 pilcibus
1203 3079 1380 3143 Serpens
1391 3080 1606 3144 aquaticus
1615 3114 1628 3139 ‚
1642 3078 1762 3145 piscis
1774 3081 1917 3130 Porci·

1111 3169 1114 3171 ·
1808 3163 1889 3198 nus
1898 3186 1916 3214 ›.
