2114 3412
340 100 410 169 ad
413 102 555 175 M
557 126 732 191 agnum
749 104 1002 168 Tartarice
1020 107 1063 167 S
1065 110 1244 192 maeque
1265 102 1495 170 Chanum.
1683 135 1704 171 Ι
1720 125 1743 178 3

169 204 251 257 'Sed
264 218 415 273 praeter
426 205 604 272 fingulas
628 206 1117 273 Provinciarumlinguas
1127 247 1142 269 ,
1166 226 1243 274 per
1253 211 1511 260 Universum
1523 214 1754 278 Imperium

102 274 180 323 alia
199 276 394 341 quaedam
408 275 611 342 generalis
631 275 775 340 lingua
787 293 937 340 ,quam
952 278 1169 344 thoam
1189 292 1365 338 vocant,
1384 280 1427 326 id
1437 279 1497 328 est
1506 280 1686 332 aulicam
1706 286 1753 332 &

98 346 657 403 Mandarinorum50btinet.
692 343 830 403 Hujus
841 344 997 411 linguae
1009 348 1135 411 origo
1151 346 1242 393 talis
1251 347 1333 394 fuit
1344 349 1486 414 ,'q'u0d
1497 368 1595 398 cum
1604 363 1752 400 omnes
1783 409 1784 412 Ἴ

100 414 382 481 Magistratus,
393 413 476 461 five
486 413 731 462 Mandarini
742 413 822 461 fint
831 416 967 463 exteri
976 416 1019 463 in
1029 433 1078 461 ea
1089 418 1310 463 Provincia
1321 454 1333 475 ,
1344 421 1387 465 in
1396 436 1480 483 qua
1490 437 1664 468 munere
1674 420 1753 468 suo

100 482 341 551 funguntur
358 523 370 544 ,
411 500 464 530 ne
474 501 728 549 cogerentur
737 486 1003 550 peregrinam
1021 484 1211 551 linguam
1225 485 1450 533 addiscere.
1487 491 1597 535 Hinc
1607 494 1751 540 omnia

100 554 274 618 publica
285 556 328 600 in
338 552 437 600 foro
446 588 458 612 ,
468 555 511 600 in
521 555 634 600 curia
645 590 657 612 ‚
667 553 743 600 hac
752 553 897 620 lingua
906 568 1186 620 peraguntur,
1203 559 1340 620 eaque
1350 555 1559 604 civiliores
1569 561 1751 623 quicun-

101 640 187 687 que
197 636 376 670 utuntur
391 654 403 683 -,
435 640 526 670 non
545 623 659 670 secus
677 640 724 670 ac
741 623 857 689 apud
875 642 952 670 nos
963 626 1112 671 Latina
1133 624 1277 691 lingua
1286 626 1434 691 paffim
1444 643 1522 690 per
1532 629 1752 693 Europam

101 693 281 741 obtinet.
319 694 373 739 Et
389 693 495 739 hanc
510 692 700 760 linguam
711 692 1063 741 Mandarinorum
1083 695 1282 759 Europaei
1301 694 1432 742 solam
1451 695 1616 743 discunt
1638 716 1646 743 :
1671 716 1751 744 cae-

100 776 198 812 terae
212 763 329 810 enim
350 763 630 810 Provinciales
645 780 734 809 non
746 762 975 809 neceffariae
986 792 999 823 ι,
1009 765 1053 810 8(
1064 763 1189 811 rudes
1199 761 1408 811 habentur
1420 804 1433 824 ,
1454 783 1594 830 neque
1613 768 1657 813 in
1665 784 1748 832 pu-

99 830 218 879 blico
237 830 450 880 obtinent.
486 833 688 879 Foeminae
707 833 753 878 8(
772 831 955 878 Infantes
975 852 1069 888 eam
1087 834 1302 880 continuo
1323 833 1399 881 usu
1426 834 1668 894 addiscunt,
1701 839 1749 884 8(

100 899 208 948 ficut
225 900 502 948 multitudine
513 900 816 948 Chara&erum
829 919 978 949 omnes
996 902 1091 950 alias
1101 900 1268 967 superat
1282 941 1294 962 ,
1316 906 1372 949 ita
1391 906 1605 969 paucitate
1621 922 1748 952 voca-

100 969 307 1018 bulorum
317 971 472 1017 caeteris
495 970 625 1035 longe
645 970 821 1017 inferior
831 970 890 1019 est
901 1010 914 1030 ,
938 975 1103 1038 quippe
1121 972 1289 1019 nonnisi
1308 975 1502 1020 trecentis
1515 976 1666 1039 viginti
1676 973 1750 1021 sex

102 1038 280 1086 vocibus
289 1039 451 1087 constat
462 1076 475 1098 a
492 1058 587 1104 quae
597 1056 746 1085 omnes
763 1057 817 1087 ex
829 1042 953 1087 unica
972 1043 1088 1090 litera
1104 1040 1319 1102 constant,
1340 1045 1386 1090 8(
1407 1043 1493 1090 fere
1514 1046 1557 1090 in
1568 1042 1748 1090 eandem

102 1108 294 1156 vocalem
314 1107 536 1168 desinunt3
572 1111 618 1156 8(
641 1107 669 1155 si
685 1127 778 1173 qua>
793 1128 939 1175 paucae
957 1110 1000 1157 in
1018 1110 1178 1157 nullam
1198 1111 1392 1160 vocalem
1406 1127 1593 1172 exeunt,
1625 1131 1684 1159 eae
1704 1115 1749 1160 in

103 1181 168 1226 M
179 1177 246 1224 vel
271 1180 328 1226 N
343 1176 552 1225 desinunt.
587 1178 727 1237 Hujus
746 1176 901 1245 linguae
914 1176 1098 1226 brevitas
1110 1181 1156 1226 8(
1176 1181 1416 1228 rotunditas
1427 1182 1537 1229 adeo
1549 1199 1642 1228 eam
1652 1182 1748 1228 red-

101 1247 167 1295 dit
176 1247 362 1307 suavem,
373 1260 420 1294 ut
430 1251 579 1318 ompes
591 1246 626 1294 al
634 1249 687 1294 ias
700 1286 712 1307 ,
723 1265 817 1312 qua:
827 1251 1011 1315 cognitae
1031 1249 1125 1295 lunt
1145 1248 1344 1297 haEtenus
1358 1288 1369 1310 ,
1388 1251 1548 1315 linguas
1567 1251 1747 1315 iiiperet.

99 1321 214 1366 Nam
227 1335 304 1363 nos
314 1318 491 1380 quidem
507 1315 760 1382 designaturi
779 1335 868 1365 rem
886 1317 1071 1383 aliquam
1082 1319 1487 1383 apprehendendam
1505 1338 1635 1367 manu
1648 1360 1662 1380 ,
1680 1318 1750 1366 vel

100 1401 191 1435 tota
205 1423 217 1445 ,
235 1385 303 1433 vel
314 1386 475 1452 digito,
493 1404 582 1434 uno
592 1400 665 1433 aut
684 1386 818 1434 altero
836 1387 998 1452 semper
1009 1390 1206 1451 cogimur
1222 1387 1378 1435 addere
1403 1389 1664 1444 vocabulum
1682 1404 1750 1452 cip-¹

94 1457 336 1523 prehendere.
376 1460 436 1503 At
457 1473 559 1502 vero
573 1456 760 1503 Sine-uses
780 1456 951 1523 singulis
970 1454 1187 1503 vocabulis
1197 1459 1325 1504 etiam
1341 1458 1521 1505 modum
1534 1496 1545 1518 ,
1563 1462 1608 1506 8(
1620 1460 1752 1506 afflo-

100 1543 201 1575 nem
211 1524 420 1572 denotant
439 1542 477 1572 e.
489 1542 528 1591 g.
569 1526 683 1573 Nien
698 1523 758 1574 est
768 1542 918 1591 capere
928 1523 1098 1573 duobus
1110 1525 1252 1592 digitis
1263 1565 1276 1587 ,
1298 1528 1390 1590 T<⁰
1407 1544 1558 1593 capere
1576 1541 1675 1576 toto
1684 1529 1751 1574 di-

101 1595 210 1663 gito,
249 1591 360 1657 [lma
368 1611 517 1660 capere
527 1607 618 1641 tota
630 1612 772 1653 manu,
786 1595 913 1660 plena
922 1595 1031 1644 vola.
1071 1595 1167 1642 Tcie
1178 1615 1328 1662 capere
1338 1596 1478 1662 palma
1488 1597 1673 1663 expansa
1685 1597 1751 1645 us-

101 1683 189 1730 que
200 1664 253 1710 ad
265 1663 436 1729 digitos.
474 1663 595 1711 Idem
610 1664 653 1711 in
672 1677 779 1712 voce
795 1667 912 1713 Stare
930 1678 1116 1730 apparet.
1154 1669 1248 1714 Nos
1262 1666 1440 1714 dicimus
1453 1689 1466 1726 3
1480 1668 1547 1732 sta
1565 1671 1601 1715 in
1621 1669 1751 1731 domo,

90 1736 157 1802 sta
171 1736 287 1781 edens
301 1772 314 1793 ,
325 1735 394 1798 sta
412 1735 591 1780 dormiens
615 1752 625 1780 .·
660 1734 732 1781 sed
750 1735 857 1781 Sinae
877 1752 961 1782 una
979 1734 1215 1801 eademque
1227 1754 1333 1784 voce
1352 1739 1397 1784 8(
1403 1740 1511 1803 stare
1535 1739 1582 1785 8(
1600 1738 1751 1785 modum

101 1803 291 1850 stationis
301 1802 521 1850 denotant.
557 1806 619 1850 Ita
639 1804 795 1868 pedem
812 1806 899 1851 avis
912 1802 1073 1862 ,bestiae
1085 1840 1097 1863 ,
1115 1805 1301 1854 hominis
1311 1805 1566 1873 defignaturi
1586 1807 1751 1873 semper

103 1889 255 1920 vocem
266 1875 344 1920 Pes
354 1871 548 1919 addimus
561 1892 570 1917 ε
595 1874 702 1920 Sinae
713 1891 797 1920 una
808 1891 914 1921 voce
924 1872 1086 1938 singula
1095 1876 1342 1941 exprimunt
1355 1896 1364 1921 ε
1387 1894 1485 1926 narn
1497 1878 1584 1939 Kio
1605 1877 1663 1926 est
1671 1894 1748 1943 pes

102 1942 287 1989 hominis
298 1979 311 2001 7
325 1939 433 2004 [lma
449 1943 533 1988 avis
545 1942 701 2007 ungula
712 1941 758 1989 8(
770 1943 850 1991 Thi
859 1962 932 2009 pes
943 1942 1238 2009 cujuscunque
1249 1945 1452 1994 animalis,

170 2014 238 2059 Ex
252 2006 452 2058 omnibus
470 2010 651 2059 scientiis
670 2009 803 2060 solam
820 2012 907 2060 sere
916 2011 1130 2061 Moralem
1141 2015 1247 2060 Sinas
1258 2032 1315 2061 ex
1325 2013 1476 2063 colunt
1499 2036 1508 2061 ε
1532 2017 1746 2065 Naturalis
1763 2023 1903 2056 sinentes

102 2081 157 2127 ab
176 2082 224 2127 iis
244 2099 319 2146 per
329 2082 464 2127 varios
482 2079 640 2129 errores
659 2085 945 2131 contaminata
966 2082 1109 2146 potius
1129 2101 1259 2147 quam
1275 2083 1487 2135 illustrata.
1526 2088 1682 2150 Neque
1699 2088 1743 2134 in
1761 2067 1907 2137 ffh‘iigifsm

101 2149 191 2214 ipsa
202 2150 357 2197 Morali
370 2150 643 2217 Philosophia
653 2151 764 2198 adeo
774 2153 868 2200 sunt
878 2151 1092 2199 evidentes
1102 2189 1113 2211 ‚
1122 2153 1193 2200 sed
1203 2153 1388 2201 obscuris
1401 2154 1487 2202 fere
1499 2157 1544 2202 8(
1559 2155 1743 2204 confusis
1761 2146 1916 2218 ffiffsssssffi

103 2219 315 2267 sententiis
326 2219 392 2278 ,δέ
411 2221 573 2283 exiguo
592 2219 752 2267 lumine
769 2219 947 2269 naturali
964 2234 1154 2269 utuntur.
1762 2228 1838 2260 ¹⁰¹¹ss

170 2292 388 2337 Maximus
399 2292 593 2338 omnium
612 2288 973 2355 Philosophorum
985 2290 1207 2354 Ianutius
1217 2329 1230 2349 ,
1242 2292 1560 2357 quadringentis
1576 2331 1588 2352 ,
1619 2297 1748 2358 quin-

105 2361 309 2424 quaginta
327 2375 417 2406 uno
429 2372 525 2406 ante
541 2358 760 2407 Christum
779 2362 895 2407 annis
914 2372 1031 2404 natus
1043 2361 1139 2422 ,qui
1158 2360 1336 2424 amplius
1355 2361 1619 2428 septuaginta
1629 2364 1747 2411 annis

106 2427 165 2474 ita
174 2430 322 2477 vixisse
337 2426 513 2475 traditur
524 2466 537 2489 ,
552 2443 600 2476 ut
616 2446 706 2475 non
725 2427 884 2494 scriptis
902 2428 1037 2473 minus
1049 2446 1198 2492 ‚quam
1212 2430 1417 2496 exemplo
1428 2470 1442 2489 ,
1468 2433 1513 2478 8(
1526 2433 1747 2479 conversa-

106 2499 225 2546 tione
244 2499 298 2546 ad
310 2500 509 2546 virtutem
529 2498 699 2564 singulis
722 2500 833 2545 viam
852 2498 1075 2562 praeiverit.
1114 2499 1244 2546 [Inde
1273 2497 1474 2548 omnibus
1497 2501 1747 2549 mortalibus

107 2565 307 2631 sapientia
327 2570 372 2615 &
390 2564 606 2632 probitate
639 2567 898 2633 superiorem
918 2566 1035 2613 fuiss'c
1064 2568 1171 2613 Sinae
1190 2569 1380 2620 credunt.
1425 2571 1481 2616 Et
1508 2588 1564 2616 ex
1587 2571 1751 2635 scriptis

109 2634 199 2694 ejus
211 2650 342 2700 patet,
352 2636 493 2684 multis
514 2637 754 2684 nostrorum
776 2636 1002 2703 gentilium
1020 2638 1061 2683 in
1075 2639 1250 2702 Europa
1262 2638 1622 2703 Philosophorum
1631 2641 1754 2689 haud·

110 2702 354 2753 inferiorem
373 2705 504 2755 fuisse.
548 2706 678 2754 Unde
696 2706 929 2753 authoritas
947 2704 1038 2767 ejus
1058 2708 1173 2772 apud
1205 2709 1319 2754 Sinas
1338 2707 1470 2755 hodie
1504 2709 1680 2757 indubia
1699 2714 1753 2760 ὃς

110 2774 239 2820 etiam
257 2774 359 2823 falso
377 2776 527 2823 tradita
545 2794 626 2841 pro
645 2779 749 2824 veris
768 2774 962 2822 habetur.
1004 2778 1160 2840 Neque
1179 2778 1320 2824 minor
1336 2777 1425 2839 ejus
1445 2777 1560 2841 apud
1578 2783 1720 2846 Reges
1732 2822 1748 2843 7

111 2859 241 2905 quam
259 2843 444 2892 literatos
463 2847 717 2904 authoritas,
750 2843 1019 2892 retiatoribus
1039 2844 1242 2894 illibatam
1252 2864 1328 2912 per
1339 2861 1407 2894 tot
1425 2846 1558 2895 secula
1577 2849 1749 2899 aestima-

112 2912 278 2959 tionem
286 2914 516 2961 etiamnum
524 2914 832 2963 obtinentibus.
867 2917 1013 2979 Caput
1031 2912 1199 2962 familiae
1210 2915 1335 2973 hujus
1347 2914 1481 2964 titulis
1491 2918 1537 2964 8(
1549 2920 1751 2968 immuni-

113 2976 269 3028 tatibus
287 2983 554 3048 veffigalium
574 3003 620 3031 ac
629 2983 1177 3048 tributorumconspicuum
1190 2984 1402 3034 &illustre
1416 2985 1486 3036 est.
1824 3042 1830 3046 ‚
1851 3043 1853 3046 ¹

179 3052 337 3115 Neque
349 3053 490 3103 minor
504 3071 651 3102 eorum
664 3056 707 3102 in
719 3053 962 3120 Astrologia
972 3055 1184 3119 peritia,&
1198 3054 1548 3118 Arith1netica‚ac
1560 3059 1749 3107 Geome-
1765 3041 1918 3123 ξξζξζέξ

1022 3120 1053 3168 b
1090 3141 1114 3188 3
1654 3128 1751 3186 tria,-
