2114 3412
333 165 439 214 104
679 144 819 201 ‘Pars
828 137 1033 217 [beanda
1052 136 1334 222 Legationis
1352 138 1618 197 Patavicae

331 244 574 313 longissimis
596 241 749 308 plumis
768 256 897 308 caput
913 256 1085 290 ornatus
1104 240 1259 300 stabat,
1279 243 1354 307 qui
1373 255 1508 289 conto
1519 254 1659 290 anates
1667 237 1998 307 frequentissime

333 316 483 364 feriens
508 311 750 376 vexansque
779 329 925 359 earum
940 311 1140 380 clangore
1150 309 1396 376 alarumque
1415 310 1591 376 strepitu
1610 310 1762 359 cun&a
1780 310 1998 377 implebat.

333 386 434 429 Hoc
461 396 549 429 arte
571 382 779 442 eximium
807 383 853 429 8(
883 394 1038 429 ornatu
1055 382 1322 446 navigiorum
1351 398 1484 449 genus
1511 380 1766 446 torpentem]
1785 379 2000 431 excitabat

331 451 501 499 Musam
518 470 527 497 :

608 553 706 599 Ecce
725 553 945 618 refiogentes
961 551 1110 615 hjdros,
1128 570 1207 617 quae
1226 551 1383 616 monstra
1400 554 1546 598 necavit

679 625 881 669 Maximus
900 621 1047 669 Alcides
1059 656 1072 679 ,
1091 622 1145 667 hic
1156 622 1351 684 phalerata
1369 619 1481 667 vides.

607 688 767 756 Pestifer
785 687 877 751 hisce
887 687 1014 755 fitbefi
1036 695 1189 749 Draco,
1209 690 1300 736 latet
1321 694 1447 754 anguis
1464 692 1499 735 in
1520 687 1646 741 herba,

676 759 831 807 Talibus
850 759 1000 817 illudens
1010 773 1158 822 pectora
1179 776 1270 805 caeca
1287 762 1399 824 nugis.

147 873 286 945 ²6d¹iiaji
402 866 617 933 Vigesima
638 866 754 915 sexta
772 865 883 929 Maji
918 867 961 912 K
977 868 1114 935 AJU
1125 868 1169 913 T
1183 868 1209 914 S
1224 869 1241 912 l
1254 866 1298 914 U
1328 864 1416 913 aliis
1432 867 1588 929 Kaoyeu
1608 902 1623 924 ‚
1660 861 1781 929 quod
1799 875 1997 929 quartum

146 921 302 995 ‘igassvissnt
334 937 531 983 Civitatis
556 936 719 983 rancheu
752 935 985 1000 Oppidum
1004 974 1017 995 ,
1055 935 1109 983 ad
1139 935 1333 984 dextram
1361 933 1534 983 Canalis
1559 934 1689 1000 Regii
1715 931 1839 996 juxta
1857 931 1997 984 lacum

332 1006 454 1051 Piexe
467 1041 478 1063 ,
493 1004 747 1071 appulimus,
790 1004 916 1051 Olim
937 1005 1096 1053 cunilae
1111 1005 1331 1070 Narlkitgo'
1344 1023 1421 1070 per
1439 1002 1621 1052 fluvium
1641 1000 1776 1069 Kiang
1795 1003 2000 1069 Pekitgum

332 1075 577 1139 navigantes
595 1112 608 1133 ,
639 1073 776 1142 longo
797 1076 844 1123 8(
865 1073 1102 1141 periculoso
1117 1092 1196 1140 per
1217 1076 1330 1123 hunc
1351 1073 1491 1121 lacum
1512 1074 1689 1120 circuitu
1706 1107 1720 1131 ,
1753 1071 1874 1137 quod
1891 1085 1998 1122 tem-

329 1141 559 1207 pestatibus
587 1142 849 1191 saevientibus
878 1143 954 1191 diu
981 1142 1094 1210 saepe
1115 1143 1170 1192 ad
1199 1143 1600 1210 OppidumKt'ayeu
1627 1139 1840 1189 subsistere
1869 1158 2001 1212 coge-

329 1226 484 1259 rentur.
524 1214 640 1260 Huic
657 1214 860 1261 evitando
877 1214 1161 1261 incommodo
1179 1249 1194 1272 ,
1216 1215 1272 1261 ad
1292 1209 1516 1261 Orientale
1534 1209 1647 1259 lacus
1666 1210 1794 1276 hujus
1810 1207 1917 1259 latus
1931 1229 1999 1260 ca-

169 1288 250 1347 Mifss
265 1299 310 1320 ca-
332 1279 472 1328 nalem
492 1301 568 1347 per
578 1281 792 1350 sexaginta
809 1282 937 1330 stadia
954 1301 1010 1330 ex
1030 1282 1131 1330 saxo
1142 1283 1350 1349 quadrato
1378 1298 1477 1328 cura
1497 1278 1720 1343 Majorum
1729 1278 1898 1342 struxit,
1911 1299 1998 1330 ma-

146 1331 288 1413 }‘iss'sffRe‘
333 1367 422 1417 gno
438 1349 713 1416 spe&antiuni
732 1351 960 1412 miraculo,
975 1353 1091 1400 unde
1108 1351 1187 1400 illae
1204 1349 1400 1401 saxorum
1422 1349 1554 1398 moles
1568 1352 1612 1399 in
1633 1350 1812 1418 regione
1821 1349 1999 1418 rupibus

335 1422 381 1467 8(
402 1418 615 1468 lautumiis
631 1421 838 1471 destituta.

401 1489 557 1554 Kaoyeu
579 1490 810 1556 Oppidum
821 1508 918 1538 cum
932 1491 1136 1540 suburbiis
1147 1490 1509 1558 populosiffiinum
1531 1494 1577 1539 &
1588 1489 1880 1556 frequentibus
1898 1487 1998 1540 aedi-

333 1557 436 1604 ficiis
461 1559 678 1607 refertum.
713 1561 847 1608 Terra
859 1560 943 1625 ipla
956 1560 1098 1609 limosa
1123 1565 1168 1610 8(
1186 1579 1323 1626 oryzae
1342 1561 1600 1612 feracissima.
1634 1562 1813 1608 Circum
1834 1559 1998 1609 creber·

332 1629 446 1674 rima:
461 1627 709 1676 rusticorum
732 1629 829 1677 casae
851 1643 1058 1696 perpetua
1078 1633 1309 1679 Orientem
1333 1629 1470 1680 versus
1489 1629 1591 1678 serie
1603 1667 1618 1689 ,
1643 1643 1692 1678 ut
1708 1646 1842 1678 unum
1860 1630 1998 1679 conti-

332 1714 555 1763 nuumque
567 1737 579 1758 ,
603 1717 687 1765 qua
704 1699 953 1765 conspe&us
969 1701 1091 1748 datur
1110 1734 1124 1756 ,
1158 1718 1319 1769 pagum
1336 1698 1563 1748 existimes'.
1611 1698 1902 1748 Occidentalis
1918 1704 1996 1748 ora

329 1764 582 1833 plerumque
604 1770 722 1834 aquis
743 1767 976 1835 stagnatur,
998 1768 1073 1816 nisi
1096 1772 1218 1835 quod
1236 1772 1336 1819 hinc
1354 1771 1459 1818 inde
1479 1771 1579 1836 ripae
1598 1786 1828 1818 cannarum
1846 1770 1997 1837 ingen·

329 1846 417 1882 tem
435 1838 605 1902 copiam
618 1838 919 1903 producentes,
934 1857 990 1886 ex
1001 1838 1155 1904 quibus
1164 1836 1340 1906 publico
1350 1838 1465 1887 haud
1473 1841 1629 1906 exigua
1645 1838 1886 1897 commoda,
1893 1854 1994 1887 cum

179 1915 272 1946 Moiae
328 1902 406 1951 illis
427 1907 534 1952 Sinae
556 1905 770 1974 lignorum
789 1907 912 1956 instar
927 1907 1048 1955 focos
1067 1907 1287 1957 instruunt.
1323 1906 1505 1956 Crebras
1514 1907 1725 1974 perplana
1742 1923 1994 1973 camporum

145 1958 292 2032 taguma
329 1972 462 2020 molas
472 2011 484 2033 ,
503 1973 603 2022 velis
610 1976 771 2039 junceis
781 1974 1019 2041 instru&a8,!
1031 1995 1125 2043 quae
1133 1979 1429 2026 ventocircum
1440 1995 1565 2024 axem
1578 1977 1677 2025 a&ae
1694 1994 1822 2042 aquas
1832 1975 1995 2026 haurie-

328 2042 433 2090 bant
445 2081 457 2102 ,
476 2043 773 2109 conspeximus
785 2081 797 2104 ,
815 2063 995 2111 quarum
1005 2048 1239 2111 praecipuus
1255 2046 1488 2114 usus,agros
1505 2046 1757 2111 oryziferos,
1772 2043 1842 2095 vel
1862 2047 1994 2095 nimia

330 2109 512 2159 siccitate
527 2150 539 2173 ,
558 2112 810 2180 Solibusque
825 2114 1025 2162 excoctos
1042 2116 1219 2182 irriguos
1235 2113 1437 2175 reddere,
1455 2114 1524 2163 vel
1542 2114 1572 2162 si
1597 2117 1715 2181 aquis
1729 2112 1913 2164 scateant
1926 2114 1993 2164 su·

331 2181 524 2245 perfluis,
545 2182 715 2231 eosdem
729 2197 937 2249 quantum
946 2182 1037 2231 satis
1047 2182 1105 2231 est
1118 2183 1320 2233 desiccare
1329 2220 1342 2243 ,
1362 2198 1537 2251 promto
1548 2203 1623 2250 per
1633 2186 1706 2234 has
1714 2182 1857 2244 molas,
1867 2202 1994 2252 aquas

331 2268 422 2314 quo
434 2249 564 2299 velint
586 2287 600 2306 ,
630 2254 882 2301 transferunt
900 2290 913 2312 ,
938 2253 1146 2313 artificio,
1178 2268 1307 2320 atque
1327 2255 1428 2302 hinc
1446 2253 1603 2302 fertiles
1623 2268 1719 2302 toto
1737 2252 1872 2304 motu
1889 2257 1994 2320 agri,

331 2336 411 2365 nec
431 2318 555 2386 gleba
574 2318 713 2369 sterilis
729 2323 945 2386 reperitur.
994 2321 1143 2370 Procul
1156 2323 1292 2371 dubio
1304 2323 1443 2372 edoffi
1453 2323 1508 2371 ab
1517 2324 1794 2390 experientia,
1803 2334 1931 2390 quam
1946 2325 1992 2372 in

330 2390 369 2434 R
376 2406 489 2453 egno
498 2392 600 2438 Laos
613 2388 811 2438 Australis
822 2395 863 2438 A
870 2390 931 2438 siae
941 2388 1182 2439 meditullio
1198 2410 1336 2458 oryzae
1347 2392 1594 2441 feraciffimo
1603 2390 1887 2451 observarunt,
1896 2391 1992 2453 ubi,

329 2474 429 2503 cum
443 2450 539 2506 t⁰oto
550 2461 648 2507 anni
662 2459 839 2508 decursu
851 2479 925 2526 per
939 2456 1134 2509 bimestre
1147 2459 1355 2511 duntaxat
1365 2462 1543 2529 spatium
1551 2459 1670 2528 pluat
1679 2498 1691 2521 ,
1700 2479 1789 2528 quo
1796 2474 1993 2527 tempore

330 2525 473 2573 coloni
498 2527 541 2574 id
571 2530 693 2576 unice
704 2544 873 2589 curant,
894 2544 942 2577 ut
953 2532 1040 2596 agri
1051 2545 1188 2579 aratro
1198 2534 1243 2580 8(
1257 2549 1430 2580 vomere
1440 2534 1484 2579 in
1496 2544 1764 2597 opportunos
1772 2529 1918 2579 semini
1927 2550 1992 2579 re-

328 2596 532 2660 cipiendo
544 2597 782 2645 incidantur
793 2597 930 2645 sulcos
939 2633 952 2653 ,
977 2617 1032 2646 ne
1038 2599 1301 2649 sterilesceret
1312 2616 1420 2649 terra
1430 2637 1442 2661 ,
1453 2619 1501 2649 ac
1511 2600 1690 2648 siccitate
1701 2614 1992 2649 emorerentur

328 2663 484 2729 segetes
496 2700 510 2720 ‚
531 2667 697 2715 Au&or
720 2679 876 2715 naturae
897 2670 1069 2717 Divinae
1087 2671 1368 2734 providentiae
1381 2670 1642 2718 luculentum
1653 2668 1754 2717 fecit
1771 2687 1994 2736 argumen-

331 2746 433 2782 tum.
472 2737 653 2802 Quippe
667 2750 757 2784 tota
766 2735 901 2785 aestate
911 2755 1064 2804 magna
1082 2757 1287 2804 aquarum
1306 2738 1423 2788 mole
1435 2737 1899 2787 intumescuntflumina
1909 2772 1924 2794 ,
1944 2741 1993 2789 8(

333 2819 387 2847 ex
400 2803 614 2853 montibus
628 2808 798 2862 Junnam
809 2806 1024 2865 ,finitimae
1035 2807 1171 2857 Tibet
1181 2843 1195 2864 ,
1212 2808 1445 2875 Ιίςυεῑειᾶκ
1465 2810 1580 2856 nives
1599 2808 1655 2854 ita
1667 2805 1902 2875 illaaugent
1912 2845 1926 2868 ‚
1945 2822 1994 2857 ut
2112 2833 2114 2891 4

334 2886 423 2916 non
443 2871 555 2920 secus
574 2889 704 2939 atque
715 2874 806 2923 Nili
818 2877 935 2941 aquis
945 2879 1157 2943 AEgyptus
1169 2914 1181 2937 ,
1197 2892 1287 2926 tota
1299 2879 1442 2944 Regio
1452 2872 1690 2924 inundetur.
1725 2880 1882 2942 Oryzae
1890 2894 1992 2924 vero
2112 2893 2114 2923 ι

333 2937 522 2988 culmum
531 2944 575 2989 in
586 2944 818 2992 humidiori
827 2942 1038 2993 luxuriare
1046 2944 1137 2993 solo
1149 2948 1249 2995 inde
1262 2946 1502 2993 didicerunt
1514 2983 1528 3005 ,
1542 2945 1660 3011 quod
1671 2947 1715 2993 in
1726 2947 1811 2994 hoc
1817 2947 1993 3012 Regno,

335 3019 388 3053 ut
398 3008 442 3054 8(
454 3009 499 3054 in
517 3014 608 3071 Syon
621 3014 666 3060 8(
681 3013 856 3072 Cambcym
873 3013 1016 3079 stirpes
1032 3014 1196 3080 semper
1205 3033 1322 3081 aquae
1341 3013 1593 3075 inhaereant,
1613 3018 1659 3064 8(
1681 3018 1724 3063 in
1735 3026 1893 3064 tantam
1904 3012 1994 3062 alti-

335 3073 529 3125 tudinem
540 3082 736 3130 emittant
746 3081 959 3143 culmum,
975 3083 1029 3132 ad
1049 3099 1252 3151 quantam
1273 3082 1359 3149 ipsa
1380 3101 1491 3150 aqua
1515 3082 1769 3145 ascenderit,
1783 3082 1898 3132 unde
1915 3081 1994 3130 ibi-

1891 3149 1993 3199 dem

2092 1968 2095 1989 l
