2114 3412
283 168 378 220 178
649 151 788 209 Pars
805 163 976 231 quarta
997 142 1276 234 Legationis
1297 148 1560 209 Patavicae

280 255 464 303 suerunt.
495 251 645 300 Senior
662 255 821 300 Prorex
837 252 1070 318 juniorque
1088 268 1165 299 nos
1185 250 1346 317 poculo
1375 252 1457 299 :she
1483 251 1754 317 exeepientes
1771 250 1825 299 de
1843 251 1952 301 diffi-

278 323 434 371 cultate
444 321 602 390 frigore
614 324 658 370 &
671 320 869 370 molestiis
879 323 1040 370 viar-um
1050 320 1349 388 loquebantur.
1370 324 1512 369 Mater
1523 319 1895 387 Proregisjunioris
1904 324 1950 371 in

276 391 520 458 conspefia,
533 408 608 457 per
616 391 750 440 literas
761 390 976 457 quasdam,
985 392 1254 439 humanitatis
1265 391 1434 450 indices,
1444 393 1592 458 gratias
1602 391 1772 460 Legatis
1782 408 1862 456 pro
1872 391 1950 439 ho-

279 479 384 509 nore
403 462 503 527 egit.
538 460 696 527 Tutang
705 462 798 527 post
808 461 965 508 bihorii
976 463 1019 507 in
1028 460 1186 508 aedibus
1205 462 1422 508 Secretarii
1434 461 1492 508 sui
1505 460 1839 526 expe&antiam,
1857 474 1950 510 tan-

279 531 378 578 dem
389 531 574 578 nunciari
584 528 713 592 jussit,
722 531 775 589 se,
789 530 862 577 ubi
875 532 1101 578 Pinxentous
1115 530 1357 589 advenisset,
1370 531 1629 578 audientiam
1639 527 1732 594 ipsis
1739 530 1950 580 daturum.

342 598 577 665 Trigesima
586 599 775 666 Januarii
789 601 975 648 Vicarius
979 598 1158 662 junioris
1175 597 1594 665 Protegissplendido
1604 599 1804 647 convivio
1815 601 1948 666 Lega-
2002 649 2004 654 ,

273 683 339 717 tos
351 671 544 734 excepit,
563 668 688 735 culpa
708 671 750 716 in
764 668 985 718 Lusitanos
1006 669 1254 717 Sacerdotes
1265 667 1549 735 Pekingenses
1559 667 1711 732 rejecita
1724 702 1737 726 ,
1752 669 1873 734 quod
1884 688 1947 718 res

273 738 421 786 nostrae
442 756 528 785 non
541 756 596 786 ex
608 752 713 786 voto
725 738 995 787 successissent
1008 777 1021 798 ,
1043 756 1091 786 ac
1101 736 1224 786 valde
1234 737 1275 785 se
1287 739 1333 785 iis
1344 734 1555 785 infensum
1566 736 1805 792 simulabat,
1824 739 1945 803 quod

274 807 421 873 paffim
444 805 671 873 sparsissent
688 822 767 856 tres
778 822 945 857 tantum
956 811 998 855 in
1012 812 1189 871 Europa
1200 809 1343 875 Reges
1353 840 1366 861 ,
1386 821 1582 873 quartum
1600 807 1808 864 Jolmmem
1829 809 1947 873 Lust-

275 890 402 924 tanum
413 878 513 925 effe:
546 876 786 925 Hollandos
797 880 869 926 vix
880 892 996 925 terrae
1018 876 1224 944 angulum
1246 876 1478 942 possidere,
1500 879 1545 925 &
1567 878 1605 924 ei
1619 874 1773 924 tributa
1785 878 1946 940 pende-

271 964 317 993 re
340 966 349 992 :
377 963 557 1012 quaeque
579 946 658 994 alia
678 945 858 995 ludibria
880 962 1081 1012 praeterea
1102 949 1347 1013 excogitare
1369 959 1580 1012 poterant.
1615 946 1769 1011 Legati
1791 947 1944 994 eadem

230 1011 238 1017 ’
268 1015 339 1062 die
353 1017 660 1063 Mandarinum
682 1014 784 1078 Tofic
806 1013 1056 1071 salutarunt,
1073 1018 1149 1082 qui
1172 1015 1409 1064 humaniter
1419 1017 1607 1082 exceptis
1627 1015 1737 1062 dixit
1755 1015 1946 1079 Pobtfienae

255 1083 401 1145 fieum,
421 1084 605 1151 aliosque
616 1087 845 1152 Magnates
865 1103 954 1133 non
974 1085 1131 1133 audere
1142 1083 1232 1133 illos
1250 1086 1533 1133 intromittere
1548 1119 1562 1140 ‚
1585 1084 1705 1150 quod
1726 1084 1840 1148 apud
1863 1076 1945 1132 Ttlae

269 1168 444 1221 tangam,
463 1153 582 1216 cujus
591 1158 801 1219 praecipua
810 1156 1009 1203 autoritas
1017 1192 1030 1215 ,
1052 1155 1247 1202 nondum
1257 1155 1516 1202 audientiam
1525 1154 1772 1202 habuissent.

86 1224 229 1297 {egiatriifi
342 1224 479 1270 Prima
500 1223 715 1271 Februarii
731 1226 887 1271 Prorex
908 1223 1046 1271 senior
1058 1227 1262 1290 Legatos,
1282 1241 1385 1272 cum
1405 1221 1597 1285 Franciſso
1618 1222 1872 1288 Lantfincznno
1895 1226 1942 1274 8<

85 1279 219 1357 bfgrssge
277 1295 450 1340 Henrico
469 1293 597 1340 Baron
617 1295 873 1351 Secretario,
893 1295 1045 1359 viginti
1072 1293 1375 1341 comitantibus
1393 1292 1505 1348 aliis,
1526 1295 1569 1340 in
1580 1291 1671 1339 aula
1682 1292 1752 1340 sua
1763 1291 1943 1359 splendi-

83 1354 241 1427 fg‘rffiP'un‘
272 1360 332 1408 do
350 1362 552 1409 convivio
570 1363 751 1427 excepit.
788 1365 930 1409 Primo
952 1376 1062 1427 potu
1081 1360 1190 1417 The,
1215 1380 1335 1410 more
1356 1363 1517 1410 Siniico
1533 1361 1660 1410 talem
1682 1363 1851 1429 Legatis
1869 1363 1942 1411 ad-

270 1444 447 1478 ventum
465 1429 751 1497 gratulabatur
763 1468 776 1491 ,
794 1449 842 1479 ac
854 1444 902 1480 ut
913 1430 1082 1488 hilare8‚
1102 1434 1209 1480 curis
1218 1431 1417 1479 omnibus
1426 1430 1762 1498 lepofitiS,effent
1773 1449 1941 1491 ,mone-

270 1499 355 1546 bat.
390 1500 510 1547 Tum
522 1502 629 1548 inter
639 1513 946 1566 tympanorum
963 1503 1009 1550 &
1021 1501 1220 1550 tubarum
1231 1500 1417 1550 sonitum
1428 1501 1532 1549 cibis
1547 1519 1623 1567 per
1633 1500 1793 1549 mensas
1803 1498 1944 1569 fingu-

191 1617 198 1623 ,
267 1567 325 1616 las
342 1567 546 1633 dispositis
564 1587 737 1617 aureum
748 1570 952 1636 poculum
962 1573 1065 1619 vino
1076 1570 1253 1638 plenum
1265 1589 1342 1638 per
1353 1572 1460 1619 duos
1469 1569 1633 1618 nobiles
1644 1572 1814 1637 Legatis
1823 1570 1941 1619 obla-

268 1652 360 1685 tum
373 1672 385 1695 ,
404 1652 452 1685 ut
470 1637 573 1685 illud
593 1637 740 1705 phialis
755 1638 833 1688 suis
854 1641 1148 1701 exhaurirent,
1170 1642 1360 1708 Proregis
1376 1641 1486 1705 jussu
1507 1678 1520 1701 ,
1547 1641 1802 1688 exhibitum.
1837 1641 1941 1688 Du-

266 1721 385 1754 rante
402 1709 603 1756 convivio
608 1746 621 1768 ‚
632 1708 724 1756 duo
740 1722 876 1757 nautae
889 1709 1095 1759 Hollandi
1106 1712 1263 1776 captivi
1293 1711 1316 1757 a
1345 1713 1530 1778 Prorege
1542 1711 1682 1757 vocati
1694 1743 1708 1763 ,
1728 1710 1855 1774 quiin
1866 1727 1938 1776 ge-

265 1777 587 1833 nua,Tartarico
599 1795 882 1836 more,coram
896 1798 951 1828 eo
961 1779 1290 1846 procumbentes
1303 1816 1318 1838 ,
1330 1778 1406 1826 ubi
1415 1781 1498 1828 hoc
1507 1779 1650 1827 triduo
1660 1778 1852 1838 fuissent,
1869 1796 1937 1826 ro-

266 1843 474 1911 gabantur
485 1865 494 1891 :
516 1845 592 1893 illis
603 1846 642 1894 se
652 1846 763 1894 haud
772 1848 881 1896 ῐεᾶε
891 1847 1056 1897 valuisse
1067 1847 1435 1915 respondentibus,
1447 1848 1541 1914 post
1551 1851 1735 1914 Legatos
1745 1846 1934 1898 conside-

266 1931 329 1972 re,
344 1931 391 1960 ac
401 1917 635 1980 exbpropria
648 1916 789 1964 mensa
799 1916 958 1982 aliquid
970 1920 1129 1986 porrigi
1149 1920 1196 1965 iis
1202 1917 1330 1982 juffit.

335 1984 459 2030 Unus
470 1984 624 2030 horum
635 1983 738 2031 olim
751 1986 866 2050 apud
880 1986 1078 2048 Kitfiahay
1089 2020 1103 2041 ,
1123 1985 1225 2033 alter
1233 1986 1346 2052 apud
1357 1984 1533 2032 insulam
1544 1989 1676 2035 sfinan
1687 1998 1833 2052 captus
1843 1985 1936 2034 fue-

265 2064 349 2109 rat,
361 2053 406 2098 &
419 2064 598 2113 uterque
608 2054 715 2100 inter
728 2056 915 2119 Proregis
924 2053 1116 2102 custodes
1125 2057 1312 2120 corporis
1320 2053 1527 2118 stipendia
1537 2053 1789 2101 merebatur.
1811 2056 1935 2102 Con-

265 2121 382 2167 vivio
393 2120 446 2166 ad
462 2120 594 2168 finem
607 2120 816 2186 spe&ante
839 2123 1046 2172 tubicines
1066 2127 1111 2172 &
1131 2123 1340 2172 Comoedi
1353 2122 1555 2189 progreffi
1569 2159 1582 2183 ,
1598 2122 1690 2170 suos
1706 2122 1827 2171 ludos
1837 2141 1934 2173 can-

263 2186 442 2235 tillando
463 2189 723 2238 exhibebant
750 2229 764 2251 ,
798 2209 847 2239 ac
877 2191 972 2257 post
992 2195 1129 2255 ‘varias
1158 2190 1350 2241 sanitates
1378 2194 1648 2257 Imperatoris
1665 2228 1679 2251 ,
1707 2191 1933 2242 Guberna-

263 2258 364 2305 toris
381 2258 613 2318 Generalis,
620 2262 808 2326 Proregis
817 2278 865 2308 ac
877 2264 1154 2326 Legatorum‚
1166 2260 1294 2309 salute
1306 2261 1417 2310 diffisa
1428 2259 1643 2309 discessum
1654 2260 1747 2309 fuit.
1783 2265 1932 2310 Proxi-

101 2343 212 2375 Eadem
265 2344 334 2374 ma
347 2328 418 2374 die
430 2329 576 2391 junior
588 2331 866 2377 Psoi-exinter
884 2330 1082 2379 tubarum
1093 2330 1380 2397 tibiarumque
1388 2344 1619 2379 concentus
1627 2343 1850 2395 exceptos,
1870 2331 1930 2379 se-
1997 2386 2001 2389 g

78 2388 235 2467 {fflffin
266 2395 370 2442 dens
387 2396 473 2461 ipse
492 2396 567 2444 sub
578 2398 827 2453 umbraculo
838 2399 1063 2466 magnifica
1071 2417 1234 2466 pompa
1246 2402 1291 2448 in
1303 2401 1449 2448 medio
1462 2398 1692 2447 multorum
1703 2403 1930 2449 Procerum

72 2469 162 2541 2¹13?
174 2471 227 2513 Ju-
269 2464 613 2513 Kantonensium
626 2468 802 2526 ,eodem
821 2481 1029 2534 apparatu
1050 2472 1242 2535 excepit,
1264 2468 1387 2518 nullis
1405 2467 1481 2517 nisi
1493 2468 1549 2516 de
1559 2467 1767 2516 hilaritate
1778 2467 1930 2516 sermo-

146 2522 163 2542 ”
266 2532 390 2581 nibus
405 2570 418 2593 ,
436 2535 556 2600 quod
577 2538 731 2603 Legati
752 2537 1011 2585 mirabantur
1037 2573 1050 2597 ,
1083 2556 1131 2586 ac
1150 2537 1181 2586 si
1199 2541 1318 2586 omni
1338 2541 1437 2587 cura
1458 2538 1624 2585 Seniori
1643 2535 1780 2585 1·eli<‘,³ca
1810 2539 1855 2586 in
1879 2556 1930 2586 u-

265 2604 435 2650 tramvis
446 2622 587 2652 aurem
602 2604 816 2654 dormiret.

330 2672 481 2720 Tertia
497 2673 711 2721 februarii
730 2676 956 2723 ‘Pinxentous
972 2693 1071 2724 cum
1091 2676 1160 2725 sua
1179 2677 1298 2725 classe
1319 2679 1364 2726 &
1383 2674 1694 2742 impedimentis
1708 2677 1928 2739 Kantormm

266 2741 381 2787 venit
391 2774 404 2794 ,
423 2759 527 2790 mox
544 2745 566 2791 a
584 2745 756 2811 Legatis
765 2743 958 2792 salutatus
969 2781 982 2805 ,
997 2747 1042 2794 &
1050 2746 1145 2811 post
1153 2745 1363 2795 sermones
1372 2747 1585 2809 utrimque
1595 2743 1781 2804 habitos,
1791 2746 1834 2794 in
1850 2747 1928 2794 ho-

266 2805 435 2870 spitium
448 2811 596 2859 reverfi
608 2810 715 2860 sunt.

334 2879 522 2941 Septima
539 2880 753 2929 Februarii
774 2881 999 2948 postquam
1013 2884 1103 2948 jam
1120 2885 1347 2932 Pinxentous
1356 2883 1584 2930 advenerat
1601 2915 1616 2936 ,
1641 2883 1792 2949 Legati
1811 2882 1928 2948 apud

232 3006 236 3011 .
264 2942 478 3008 'Tutngum
489 2950 748 2998 audientiam
757 2949 1010 3012 habuerunt,
1019 2954 1066 3000 &
1077 2967 1169 3001 tum
1180 2969 1326 3000 omnes
1339 2947 1610 3017 Magistratus
1619 2968 1738 2998 more
1752 2950 1927 2999 consue·

268 3023 317 3058 to
326 3010 550 3063 solenniter
558 3017 771 3067 visitarunt
785 3056 798 3080 ,
814 3022 956 3086 paucis
965 3034 1058 3068 tum
1070 3021 1189 3069 domi
1197 3019 1367 3068 obnovi
1376 3021 1474 3067 anni
1486 3018 1754 3069 festivitatem
1764 3055 1778 3080 ‚
1796 3036 1926 3086 quam

268 3081 375 3129 Sinae
386 3083 432 3130 &
443 3083 608 3133 Tartari
620 3104 771 3153 magna
779 3106 942 3154 pompa
953 3087 1165 3139 celebrant
1175 3122 1189 3146 ,
1210 3102 1259 3138 ut
1271 3087 1354 3139 alio
1365 3087 1463 3137 loco
1472 3087 1662 3138 relatum.

1963 453 1984 470 s

1797 3159 1925 3212 Qo-
