2114 3412
323 151 388 211 ad
399 151 712 234 Magnum
727 147 983 210 Tartariae
999 152 1222 234 Sinaeque
1243 153 1286 212 C
1283 149 1490 213 hamum.
1659 179 1727 231 95

570 300 593 303 ,-
605 300 702 303 γᾈῌᾉ
809 299 887 306 w

305 301 332 356 ἢ
353 302 491 384 ἧς
553 302 1013 378 ἐξήψω»
1033 320 1056 331 ’ἡ

98 1593 194 1628 rum
208 1573 460 1622 nostratibus
479 1573 708 1638 majorem:
728 1575 884 1623 cortice
895 1573 1065 1640 spinoso
1079 1610 1092 1634 ‚
1114 1572 1289 1621 melleos
1310 1571 1467 1621 studius
1481 1572 1572 1635 ejus
1590 1591 1745 1626 conca-¹

99 1666 158 1698 vo
183 1646 259 1694 sub
278 1645 412 1711 pulpa
438 1642 533 1691 alba
555 1643 732 1694 adnatos
752 1642 983 1704 monstrat,
1014 1643 1187 1691 nucleus
1210 1655 1353 1691 tamen
1367 1642 1599 1693 castaneam
1615 1645 1749 1711 sapit,

99 1715 313 1766 fructuum
328 1712 612 1779 pluralitatem
624 1714 669 1762 in
684 1732 774 1761 uno
784 1712 937 1773 fructu,
950 1712 1121 1762 velutin
1131 1709 1253 1759 bursa
1267 1711 1468 1777 quadam,
1484 1712 1749 1765 reconditam

100 1785 447 1850 conspicis,tantae
456 1783 565 1849 saepe
579 1783 896 1849 magnitudinis,
909 1781 1155 1831 testantibus
1164 1781 1209 1829 id
1223 1782 1387 1842 incolis,
1396 1796 1444 1829 ut
1455 1782 1521 1830 vel
1533 1782 1749 1834 fru&uum

100 1873 211 1905 unus
228 1853 393 1912 decem,
409 1867 480 1900 aut
492 1854 643 1918 viginti
654 1851 898 1900 hominibus
914 1851 966 1899 ad
976 1850 1296 1900 comedendum
1310 1850 1499 1899 sufficiat.

172 1925 318 1972 Asbor
333 1938 431 1985 quae
456 1940 583 1969 nuces
600 1922 827 1987 myristicas
844 1922 928 1969 fert
957 1920 1131 1986 (incolis
1147 1920 1388 1987 Dongopala)
1419 1920 1577 1969 malum
1596 1921 1663 1969 vel
1678 1920 1750 1987 pil

103 2012 198 2043 rum
211 1991 360 2040 refert:
379 1990 487 2056 saepe
508 1991 578 2038 sua
595 1991 747 2056 sponte
765 1992 810 2038 in
828 1992 929 2038 aviis
947 1991 1116 2049 crescit,
1142 1989 1305 2055 semper
1321 1990 1482 2049 virens,
1500 1989 1687 2038 florifera
1700 1993 1749 2039 Sc

105 2061 282 2111 nucibus
301 2058 464 2120 onusta,
478 2077 658 2125 quarum
676 2056 828 2125 aliquae
842 2074 1015 2107 maturae
1027 2095 1040 2119 ‚
1071 2059 1222 2124 aliquae
1240 2057 1379 2106 adhuc
1390 2059 1621 2106 immaturae
1641 2059 1749 2108 sunt.

104 2136 272 2181 Cortex
286 2131 515 2189 cineritius,
529 2128 693 2195 lignum
704 2129 1024 2190 foraminosum,
1036 2127 1222 2176 medulla
1238 2128 1486 2177 rubicunda.
1520 2127 1640 2174 Folia
1654 2147 1754 2194 quae

104 2201 229 2249 densa
246 2235 259 2256 a
281 2216 375 2245 raro
397 2199 504 2257 sola,
525 2197 581 2245 de
595 2201 764 2265 exiguis
778 2198 985 2264 pediculis
1003 2197 1216 2264 pendent,
1238 2196 1371 2243 sature
1388 2198 1563 2256 viridia,
1584 2198 1751 2258 tenuia?

104 2269 252 2337 glabea
263 2307 276 2327 ,
300 2269 428 2317 unico
445 2285 520 2332 per
535 2268 725 2315 medium
740 2286 874 2315 nervo
889 2307 903 2327 ‚
935 2268 1048 2315 unde
1063 2266 1227 2314 venulae
1247 2280 1513 2329 procurrunt.
1548 2267 1748 2313 Contrita

106 2339 248 2404 digitis
264 2355 352 2385 non
370 2336 517 2384 viridia
534 2349 699 2384 tantum
716 2336 873 2384 fortem
893 2336 1074 2383 odorem
1089 2334 1289 2400 spargunt
1303 2371 1316 2393 ,
1347 2333 1417 2380 sed
1442 2333 1544 2381 sicca
1567 2351 1748 2400 quoque

107 2407 285 2457 eandem
303 2405 570 2471 fragrantiam
589 2406 782 2455 retinent.
820 2405 964 2452 Flores
979 2404 1128 2452 similes
1137 2403 1387 2468 pirorum&
1404 2420 1637 2468 pomorum
1652 2439 1664 2461 ,
1686 2402 1749 2450 fa*

109 2477 189 2525 cile
202 2476 408 2524 decidunt
418 2512 432 2534 ,
446 2476 594 2540 exigui
614 2474 758 2522 odoris
774 2474 881 2522 sunt.
916 2473 1089 2521 Fufius
1101 2471 1196 2539 post
1219 2472 1345 2520 flores
1359 2489 1583 2537 erumpens
1594 2472 1645 2519 ad
1655 2472 1749 2538 pel-

110 2545 196 2594 lem
213 2547 351 2595 forma
367 2545 516 2591 conica
527 2582 542 2603 ,
566 2558 718 2593 caetero
733 2562 914 2610 corpore
924 2542 1108 2591 rotunda
1119 2580 1131 2602 ,
1141 2560 1228 2588 non
1243 2543 1295 2589 ad
1312 2554 1502 2589 extrema
1516 2557 1748 2600 ramorum-³

109 2615 180 2662 sed
195 2615 248 2662 ad
266 2613 506 2663 internodia
526 2615 682 2663 crescit.
717 2611 805 2661 Ubi
821 2613 901 2660 flos
917 2612 939 2658 ἐι
957 2612 1095 2660 fru&u
1110 2610 1270 2658 decidit
1288 2613 1446 2677 primus
1464 2610 1581 2657 nucis
1598 2623 1750 2660 cortex

112 2684 237 2731 initio
248 2682 723 2749 viridis‚rugosus,asper
737 2685 781 2730 &
797 2683 963 2729 crassior
971 2680 1051 2728 est:
1071 2680 1145 2728 ubi
1161 2679 1570 2739 maturescitfflavis,
1585 2691 1749 2745 purpu*

113 2754 192 2800 teis
217 2752 262 2799 &
283 2753 414 2800 aureis
435 2751 606 2801 maculis
629 2753 875 2817 variegatus.
922 2751 1005 2797 Hic
1022 2763 1172 2798 cortex
1191 2767 1297 2797 mox
1330 2748 1505 2796 dehiscit
1527 2751 1573 2796 &
1598 2764 1755 2800 nucem<

116 2821 323 2880 ostendit,
340 2822 446 2868 circa
462 2840 591 2886 quam
603 2822 729 2869 macis
762 2820 988 2867 substantia
1010 2818 1474 2884 reticulatimspargitur
1499 2838 1508 2863 z
1537 2819 1610 2864 ubi
1624 2817 1752 2885 plene

117 2888 276 2939 statius
285 2891 486 2937 maturuit
496 2929 511 2950 ,
530 2892 722 2958 asperum
741 2890 825 2937 hoc
839 2889 1107 2936 involucrum
1125 2902 1265 2935 totum
1275 2887 1547 2951 distumpitur
1565 2889 1610 2935 8(
1629 2888 1755 2937 initio

120 2957 329 3007 subrubea
339 2996 352 3017 ,
367 2976 472 3006 mox
481 2958 597 3008 fulva
607 2972 781 3026 apparet
792 2961 836 3005 8<
848 2960 1050 3006 corticem
1061 2994 1073 3017 ‚
1087 2961 1130 3005 in
1142 2974 1231 3023 quo
1246 2956 1422 3004 nucleus
1432 2994 1445 3016 ,
1462 2973 1592 3021 quem
1603 2973 1757 3007 nucem

123 3028 377 3094 myristicam
399 3046 623 3089 vocamus,
655 3031 807 3094 operit.
863 3030 923 3074 lta
942 3042 988 3074 ut
1007 3028 1095 3076 haec
1112 3044 1218 3073 mox
1237 3027 1313 3073 tria
1338 3025 1555 3076 involucra
1582 3025 1758 3083 habeat²

123 3099 333 3147 extimum
349 3096 483 3146 viride
494 3099 539 3145 8<
548 3097 734 3157 craffum,
742 3097 932 3146 medium
943 3099 1109 3145 tenuius
1122 3097 1166 3143 8<
1177 3094 1363 3156 fulvum,
1379 3096 1578 3147 intimum
1589 3095 1758 3143 durum.

1614 3166 1763 3231 Repe}
