2050 3412
317 147 383 222 Ad
394 162 708 245 Magnum
726 156 985 226 Tartariae
1002 166 1228 247 Sinaeque
1245 165 1286 224 C
1284 162 1489 223 hamum.
1634 188 1657 229 1
1671 188 1729 239 15

83 270 152 315 vie
174 282 329 336 eorum
342 265 524 329 piscator
541 263 732 328 expellit.
771 263 904 311 Pisces
914 263 1093 326 majores
1106 303 1118 326 ,
1133 283 1262 331 quam
1272 278 1322 313 ut
1338 279 1509 332 gutture
1527 266 1620 332 capi
1638 268 1737 336 pos-

87 336 181 397 flur,
198 334 334 382 rostro
350 333 607 382 attollunt&
624 333 726 380 dato
736 334 931 398 pileatori
950 332 1092 399 signo,
1111 336 1332 384 exhibent.
1370 340 1452 383 Pro
1462 336 1631 404 singulis
1645 355 1735 385 cer·-

87 420 180 455 tum
196 403 343 452 tributi
357 420 490 470 genus
511 404 759 467 Imperatori
780 402 1046 468 persolvitur.

812 558 999 638 Pisces.

89 683 132 796 Ι
148 688 193 735 Ν
227 692 290 738 X
291 698 433 751 antung
449 701 569 749 aquae
592 682 702 731 adeo
727 682 971 748 pisculentae
996 681 1090 731 sunt
1105 720 1118 743 ,
1151 698 1199 731 ut
1220 685 1352 733 unico
1368 683 1527 732 stufero
1542 720 1555 745 ,
1587 684 1738 733 decem

148 754 327 822 piscium
340 753 465 801 libras
482 763 621 802 emere
636 753 776 819 postis,

157 827 202 872 In
220 825 396 890 Kiangfi
409 840 561 887 magna
578 840 756 887 quoque
777 822 1112 888 pisciumcopia‚
1131 822 1360 889 praesertim
1379 822 1494 889 apud
1507 821 1738 889 Kienkyng

90 893 166 949 ubi
182 894 445 952 Sturionum,
454 892 725 957 Delphinum
737 892 783 937 &
800 892 1047 941 Salmonum
1057 905 1244 957 captura.

161 966 213 1010 In
238 967 446 1028 Huquang
460 961 575 1026 apud
588 969 651 1013 X
653 962 762 1019 eu‚in
776 962 870 1008 rivo
882 962 1013 1027 queu
1023 962 1262 1026 praestantes
1273 959 1486 1025 lampretae
1496 961 1737 1026 capiuntur.

158 1033 205 1079 In
222 1031 360 1078 fluvio
373 1028 418 1093 s
409 1049 512 1077 roceo
520 1031 686 1094 capitur
694 1030 814 1094 piscis
826 1039 889 1083 X
892 1032 1018 1090 elmar}
1033 1031 1209 1096 lapideis
1223 1032 1328 1078 cutis
1340 1030 1512 1077 maculis
1524 1032 1580 1076 ita
1590 1029 1740 1078 dictus.

90 1103 179 1150 Nul
184 1102 299 1165 piam
315 1099 391 1147 nisi
401 1098 516 1163 apud
527 1100 675 1146 urbem
686 1103 821 1167 Pajote
831 1103 972 1165 capitu
980 1099 1224 1159 r,bibonum
1238 1102 1283 1148 8(
1293 1099 1560 1147 ebriosorum
1570 1097 1740 1148 delitiae.

158 1173 208 1217 ln
227 1170 367 1220 Fokien
377 1167 492 1234 apud
512 1170 740 1234 Hinghoam
750 1171 906 1234 optimi
922 1169 1087 1218 alburni
1098 1171 1337 1233 capiuntur.

159 1239 294 1304 Apud
316 1240 476 1304 Ningpo
491 1239 533 1283 in
545 1254 642 1284 vere
652 1236 776 1302 piscis
787 1243 849 1289 H
848 1258 955 1307 oang‚
965 1238 1011 1286 id
1025 1237 1222 1305 estflavus
1230 1238 1396 1303 capitur
1407 1250 1533 1284 tantae
1545 1238 1743 1284 tenerita-

92 1311 144 1357 tis
163 1309 207 1356 8(
219 1307 415 1365 mollitie,
426 1320 474 1353 ut
490 1308 564 1353 vix
580 1306 756 1354 dimidia
765 1321 886 1355 extra
899 1326 1025 1374 aquas
1041 1307 1145 1355 hora
1160 1308 1309 1354 durare
1321 1309 1589 1371 incorruptus
1599 1307 1742 1371 poffit.

93 1377 174 1426 Sed
191 1379 290 1443 quia
309 1376 466 1442 saporis
484 1375 654 1423 delicati
672 1375 908 1424 admodum
917 1377 977 1424 est
989 1417 1003 1437 ‚
1020 1379 1065 1423 in
1084 1377 1204 1424 saccis
1216 1375 1349 1441 glacie
1367 1375 1504 1440 plenis
1518 1392 1618 1423 eum
1636 1393 1744 1423 con<

92 1447 256 1495 servant
272 1482 286 1506 2
313 1448 358 1494 8(
377 1459 507 1511 atque
517 1445 615 1492 huic
625 1443 701 1493 fini
716 1445 951 1510 hybernam
965 1446 1146 1513 glaciem
1155 1458 1247 1492 tota
1257 1443 1394 1492 aestate
1412 1447 1456 1492 in
1478 1445 1592 1493 cellis
1602 1442 1745 1492 custo-

91 1516 231 1565 diunt.

160 1584 298 1652 Apud
308 1584 474 1651 Kiagan
487 1601 601 1631 mare
614 1583 675 1632 est
693 1587 784 1634 Mic
798 1622 812 1645 ‚
839 1584 897 1632 ita
906 1583 1086 1646 dictum,
1101 1582 1225 1651 quod
1243 1583 1377 1650 pisces
1388 1581 1514 1632 melle
1530 1582 1744 1632 dulciores

91 1653 188 1703 alat.

163 1726 213 1773 In
227 1721 421 1790 [hekiang
433 1721 547 1789 apud
566 1727 629 1773 H
627 1723 788 1789 angeheu
799 1725 844 1771 8(
857 1718 1094 1791 C'anghoam,
1112 1739 1235 1770 mons
1293 1721 1440 1787 tenking
1454 1738 1568 1770 mare
1580 1720 1744 1771 duceri*-

95 1807 239 1842 torum
246 1793 446 1859 jugerum
465 1792 745 1858 amplitudine
761 1792 819 1841 est
831 1828 844 1852 ,
868 1796 912 1840 in
923 1811 1014 1858 quo
1029 1792 1133 1841 fulvi
1145 1791 1277 1858 pisces
1288 1808 1417 1839 aureo
1426 1791 1574 1840 colore
1582 1793 1743 1841 mican-

94 1877 173 1923 tes,
188 1864 262 1911 vix
273 1863 458 1928 digitum
470 1863 628 1928 magni,
637 1860 706 1909 sed
718 1862 852 1909 cauda
862 1861 1069 1910 bifurcata
1078 1875 1150 1910 aut
1159 1864 1371 1910 trifurcata
1382 1896 1394 1918 ,
1408 1862 1537 1909 etiam
1551 1860 1685 1908 solida
1695 1862 1744 1909 &

95 1933 179 1981 lata
196 1931 454 1999 {peitabiles
492 1929 679 1978 Sinenles
689 1930 767 1978 hos
787 1933 916 1996 pisces
930 1934 974 1979 in
989 1931 1012 1978 s
1006 1934 1068 1979 uis
1080 1931 1212 1979 hortis
1222 1947 1372 1996 magna
1381 1947 1478 1978 cura
1489 1966 1501 1989 ‚
1519 1930 1743 1994 peculiari·

95 2001 175 2049 bus
189 2000 442 2066 quibusdam
452 2000 503 2048 ad
515 2000 559 2047 id
571 1999 686 2059 vasi5‚
695 2000 872 2060 alunt‚&
881 2004 1106 2065 Magnates
1115 2017 1293 2065 quoque
1304 1999 1498 2046 manibus
1513 1998 1593 2045 luis
1607 1999 1743 2048 escam

95 2071 176 2119 illis
186 2073 229 2118 in
239 2089 345 2136 aqua
357 2069 472 2134 quasi
487 2068 860 2135 applaudentibus,
870 2069 1115 2136 projiciunt.
1151 2066 1272 2118 Unus
1284 2067 1373 2115 talis
1383 2067 1521 2132 piscis,
1533 2066 1607 2115 ubi
1622 2064 1665 2115 in
1673 2066 1743 2129 ju-

95 2141 199 2189 stam
213 2139 551 2206 magnitudinem
569 2141 775 2198 excrevit,
785 2139 918 2186 tribus
934 2138 1001 2185 vel
1018 2152 1205 2204 quatuor
1219 2137 1448 2185 Coronatis
1460 2136 1671 2184 venditur.

164 2213 213 2257 In
233 2214 387 2260 Honan
409 2207 524 2273 apud
553 2207 775 2274 Namyang,
791 2210 903 2256 rivus
929 2207 1022 2254 Tan
1038 2246 1052 2267 ‚
1086 2208 1300 2274 principio
1323 2204 1468 2254 aestatis
1478 2205 1594 2253 rubri
1612 2205 1740 2270 plane

95 2279 228 2346 pisces
241 2278 481 2342 capiuntur3
494 2276 663 2339 reliquo
674 2277 771 2323 anni
786 2292 980 2340 tempore
995 2276 1140 2323 latent.

165 2350 213 2395 ln
233 2352 445 2412 Huquang
454 2344 569 2410 apud
588 2346 769 2410 Changxa
779 2347 824 2393 8(
840 2346 897 2392 N
895 2346 1051 2410 anking,
1064 2347 1108 2391 in
1123 2356 1282 2409 magno
1293 2340 1429 2390 fluvio
1444 2342 1599 2408 Kiang,
1615 2342 1740 2409 piscis

98 2427 162 2471 X
164 2422 234 2483 pru,
248 2414 453 2462 Lusitanis
472 2414 593 2463 Sauel
599 2417 737 2478 Aprili
755 2415 800 2460 8(
812 2413 938 2475 Maio
949 2414 1116 2478 capitur
1131 2435 1143 2472 3
1155 2415 1414 2477 Imperatore
1423 2412 1641 2477 quendam
1651 2412 1743 2460 Eu-

96 2489 286 2537 nuchum
295 2483 355 2531 ibi
366 2483 665 2542 constituente,
673 2485 746 2548 qui
765 2483 894 2548 pilces
911 2482 1073 2529 curiose
1083 2482 1217 2549 glacie
1236 2479 1427 2547 sepultos
1440 2483 1647 2547 vivosque
1664 2497 1741 2529 na-r
1779 2498 1781 2502 ·

97 2554 221 2605 vibus
235 2556 441 2619 Pekingam
451 2554 594 2600 mittit.

164 2627 212 2672 ln
231 2626 323 2671 Xen
322 2626 361 2688 fi
364 2623 480 2688 apud
491 2624 696 2688 Pingyatgg,
706 2620 825 2686 piscis
835 2622 998 2686 capitur
1007 2638 1137 2686 quem
1149 2621 1256 2666 Sinae
1267 2620 1428 2683 lapidem
1436 2630 1605 2677 vocant,
1613 2615 1681 2678 cuj
1688 2635 1737 2666 us

99 2693 237 2742 siccati
254 2693 299 2738 8(
309 2691 474 2742 contusi
484 2690 623 2758 pulvis
639 2690 732 2737 telae
752 2691 910 2738 sericeae
923 2689 1124 2756 inspersus
1132 2728 1147 2750 ,
1159 2706 1253 2737 eam
1262 2689 1285 2735 a
1295 2689 1417 2735 tineis
1427 2690 1472 2737 &
1482 2687 1623 2736 blattis
1631 2704 1743 2753 prae-3

99 2765 246 2813 servat.

169 2829 305 2896 Apud
321 2829 495 2878 insulam
508 2833 571 2879 H
568 2832 677 2877 airam
690 2829 795 2876 Sinae
803 2827 984 2874 Balaenas
993 2827 1254 2890 eodem,quo
1264 2827 1408 2873 Batavi
1424 2823 1541 2890 apud
1553 2826 1741 2874 Gronlan·

105 2901 267 2950 diam&
285 2900 552 2964 Spitzbetgam
569 2897 704 2945 modo
715 2897 890 2961 capiunt
903 2900 948 2944 &
965 2895 1065 2943 inde
1083 2896 1230 2943 oleum
1248 2908 1514 2959 excoquunt.

173 2971 221 3017 In
232 2973 379 3016 Iunnan
388 2967 502 3033 apud
515 2969 735 3034 Chinking,
753 2965 874 3030 piscis
888 2981 1097 3030 genus,ex
1114 2981 1204 3029 quo
1218 2963 1381 3012 Medici
1400 2961 1592 3029 praestans
1609 2961 1745 3010 medi-

107 3051 350 3087 camentum
367 3048 515 3083 contra
527 3036 692 3101 psoram
709 3039 753 3083 8(
770 3034 1039 3100 impetigines
1058 3031 1312 3080 conficiunt.
1346 3034 1394 3080 ln
1404 3032 1551 3080 eadem
1570 3035 1747 3098 regione

107 3125 221 3158 mare
240 3110 299 3154 M
297 3110 373 3172 ing,
381 3106 508 3171 nigris
522 3104 704 3170 piscibus
718 3103 970 3155 foecundum
986 3140 999 3163 ‚
1013 3105 1089 3168 qui
1099 3103 1236 3150 varios
1248 3099 1425 3152 morbos
1441 3101 1594 3150 sanant.

1027 3189 1058 3239 p
1095 3187 1120 3217 2
1664 3164 1750 3212 Ba-
