2114 3412
352 163 417 221 ad
426 165 737 248 Magnum
755 161 1010 223 Tartariae
1026 166 1069 223 S
1073 164 1249 247 imaeque
1264 149 1522 243 [hamum.
1669 188 1691 225 1
1702 188 1768 236 27

166 272 191 339 J
206 279 274 317 un
288 286 312 313 G
327 286 346 312 P
363 287 374 314 1
392 286 418 314 N
432 285 458 312 G
480 267 626 315 octava
641 269 869 314 Provinciae
880 268 1138 335 Metropolis
1156 287 1244 316 non
1254 270 1435 335 procula
1449 271 1585 318 fluvio
1598 272 1660 317 Lo
1673 309 1684 331 ,
1700 273 1765 333 ja-

93 356 160 389 cet
175 341 230 389 ad
242 340 428 386 radicem
440 339 595 384 montis
604 340 725 403 Jang,
734 337 868 384 varios
877 340 1106 386 emittentis
1117 354 1335 398 torrentes,
1346 343 1420 405 qui
1432 340 1543 387 urbis
1545 375 1558 395 ,
1570 343 1757 407 Notoly-

92 411 238 459 bicum
248 407 550 455 circumfluunt
564 428 576 464 3
595 406 704 453 re&a
719 408 762 452 in
787 409 949 454 Ortum
962 406 1017 454 ab
1026 408 1129 456 urbe
1141 410 1280 473 Regia
1293 411 1561 474 protenditur
1572 412 1761 458 Territo-

91 483 200 529 rium
210 479 315 542 ejus,
329 490 580 541 opportuno
589 477 643 522 ad
655 477 824 542 Imperii
835 478 961 523 Sinici
972 476 1206 525 custodiam
1220 477 1318 524 loco
1330 477 1530 543 positum,
1539 478 1628 526 sinu
1639 482 1761 528 maris

93 553 208 615 Cang
219 582 232 603 ,
248 545 496 594 fluminibus
510 583 523 604 ‚
533 544 844 609 ‘montibusque
854 547 1111 595 circumdata
1123 564 1254 612 parvo
1265 561 1464 595 terrarum
1479 548 1612 612 spatio
1622 547 1691 596 sex
1703 552 1759 596 ci=

90 621 235 666 vitates
246 615 541 680 complectitur
550 647 563 668 ,
584 618 775 679 Jungpivgg
785 647 799 668 ,
819 616 973 682 Ciengan
982 651 994 675 ,
1003 614 1144 681 Vuning
1156 617 1338 681 ‚Chaszgly
1350 653 1362 675 ,
1376 620 1438 663 Lo
1450 652 1462 671 ,
1485 619 1530 665 8<
1552 617 1755 682 (quarum

90 689 295 754 primariae
306 683 388 749 est)
403 688 558 750 Loting.

158 755 312 820 Yenking
327 793 340 814 ,
366 756 559 819 szgping
570 789 581 811 ,
602 753 754 818 Paogan
764 767 844 801 tres
854 766 970 800 extra
983 754 1177 801 ordinem
1190 755 1376 803 civitates
1388 754 1494 814 sunt,
1505 774 1598 820 qnae
1607 772 1755 805 contra

88 822 530 874 Tartarorumfiibitas
539 821 803 870 excursiones
820 836 949 886 atque
971 823 1154 888 impetus
1175 860 1187 883 ⁷
1207 822 1236 870 si
1256 825 1368 873 forte
1382 843 1549 871 murum
1569 845 1754 891 perrum-a

87 913 189 962 pere
200 908 451 940 conarentur
461 930 474 951 ‚
496 893 669 957 optimis
679 909 726 938 ac
734 891 1042 939 munitiffimisa
1056 906 1203 940 natura
1214 892 1315 941 locis
1325 894 1506 941 conditae
1518 894 1627 955 sunt,
1638 898 1680 943 in
1696 900 1755 943 cis

87 963 272 1013 militum
286 961 469 1010 Praefecti
482 960 682 1008 habitant.
719 962 848 1008 Prima
860 959 1037 1019 vitibus,
1055 976 1183 1027 atque
1195 962 1478 1012 uvisluxuriat
1488 997 1502 1018 ,
1523 966 1670 1013 vinum
1691 979 1754 1013 ta-

86 1051 187 1081 men
198 1050 286 1081 non
299 1033 544 1097 exprimunt
554 1064 567 1084 ,
590 1043 699 1095 potu
709 1049 764 1078 ex
776 1047 905 1094 oryza
917 1028 1059 1078 elicito
1070 1034 1261 1080 contenti
1274 1069 1285 1091 ,
1301 1047 1417 1081 tanta
1428 1032 1658 1098 praestantia
1669 1074 1682 1094 ,
1705 1053 1754 1083 ut

85 1105 235 1151 vinum
257 1119 311 1149 ne
330 1101 384 1148 ab
408 1102 624 1164 Europaeis
643 1099 818 1164 quidem
839 1097 1111 1147 desideretur.
1148 1103 1180 1148 S
1182 1103 1320 1148 ecunda
1331 1101 1494 1149 Boreali
1505 1105 1535 1149 ri
1541 1122 1605 1168 pae
1616 1104 1756 1151 flumi-

87 1174 151 1219 nis
161 1171 298 1219 Lakeu
308 1169 377 1217 seu
391 1171 542 1220 Sankan
553 1167 747 1234 imposita
756 1167 815 1216 est
826 1203 838 1225 ,
848 1185 1008 1234 magno
1019 1187 1074 1217 ex
1086 1169 1198 1217 Γεᾶο
1210 1169 1352 1235 lapide
1361 1187 1508 1236 ponte,
1525 1171 1663 1220 eidem
1676 1174 1753 1221 flu-

87 1242 161 1290 vio
176 1239 452 1305 superstructo
463 1275 475 1297 ,
492 1237 640 1306 fulget.
679 1239 755 1286 Ad
767 1240 811 1285 N
815 1236 1086 1302 otolybicum
1097 1238 1209 1286 urbis
1229 1240 1380 1287 rudera
1391 1240 1563 1304 priscam
1576 1240 1756 1308 gloriam

84 1309 253 1373 jactant.
287 1311 403 1356 Nam
423 1307 478 1356 ab
497 1310 692 1372 Hoangtio
714 1306 962 1364 exstructam
983 1310 1199 1356 civitatem
1218 1311 1391 1375 antiqua
1414 1309 1614 1358 obsoletae
1635 1328 1754 1361 verua

87 1380 197 1428 statis
205 1379 418 1426 memoriae
429 1376 600 1444 vestigia
609 1377 819 1424 testantur.

154 1447 495 1505 Qatuordecim
506 1459 779 1494 numerantur
792 1446 917 1511 hujus
936 1446 1165 1494 Provinciae
1179 1448 1233 1495 ad
1252 1445 1512 1495 celeberrimi
1525 1448 1631 1498 illius
1644 1454 1753 1498 muri

86 1517 263 1567 tutelam
272 1517 445 1564 condita
455 1518 733 1563 munimenta.
760 1518 875 1564 Inter
895 1534 988 1580 quae
1012 1517 1127 1563 Siren
1140 1517 1271 1576 urbis,
1289 1518 1496 1584 dignitate
1508 1520 1696 1585 gaudens
1706 1539 1753 1567 ac

87 1585 338 1655 privilegiis,
353 1584 514 1651 reliqua
525 1584 688 1632 ambitu
700 1621 712 1644 ,
733 1586 778 1632 &
793 1585 946 1650 populi
957 1586 1195 1650 frequentia
1207 1586 1379 1652 superat.
1415 1586 1559 1652 Multa
1572 1587 1755 1637 militum

87 1656 217 1705 millia
228 1654 312 1703 alit.
347 1656 431 1702 Hic
441 1671 581 1702 rerum
594 1692 607 1713 ‚
632 1663 724 1720 quae'
735 1653 786 1701 ad
797 1653 959 1702 bellum
970 1657 1017 1703 8<
1028 1653 1185 1702 vicium
1199 1653 1222 1702 s
1213 1656 1383 1721 pectant
1394 1689 1407 1711 ,
1428 1674 1598 1706 annona
1618 1659 1756 1707 datur.

87 1731 159 1775 Ex
180 1743 265 1791 qua
286 1723 452 1790 reliquis
470 1724 684 1789 provideri
701 1722 816 1772 solet.
846 1723 1104 1789 Chrystallus
1120 1723 1389 1781 lucidissima,
1405 1743 1589 1774 marmor
1600 1746 1648 1775 ac
1658 1731 1757 1775 Por—

88 1797 275 1862 phyrites
287 1793 491 1841 effoditur
501 1795 524 1841 ὲ
534 1795 679 1840 vicinis
689 1793 920 1842 montibUS.
950 1792 1083 1843 Flavis
1093 1792 1224 1842 scatet
1233 1794 1386 1844 felibus
1396 1832 1407 1854 ‚
1427 1814 1608 1861 quarum
1626 1796 1756 1863 pelles

88 1871 112 1914 Ξι
127 1866 231 1913 Sinis
240 1877 515 1929 expetuntur.
551 1865 745 1910 Nomina
756 1866 1133 1912 Munimentorum
1144 1863 1251 1912 sunt:
1263 1866 1391 1923 Siren,
1403 1869 1448 1912 V
1444 1871 1520 1912 anci
1525 1879 1607 1925 ven,
1618 1870 1680 1914 H
1679 1872 1754 1914 oni-

79 1952 184 2001 gan,
201 1936 347 1999 Caiping
356 1967 370 1987 ,
383 1935 605 1998 Lungmuen
617 1966 630 1986 2
650 1933 1083 1999 Chang,Gan,Cl2ecl7ing
1096 1934 1303 1994 ‚szcheu,
1316 1933 1473 2000 Wmhg,
1486 1937 1657 2001 Yu‚Iung
1682 1941 1753 2002 ing.

32 2011 38 2016 '
88 2008 153 2052 At
160 2004 358 2051 omnium
369 2004 553 2049 maxima
562 2001 672 2061 sunt,
685 2009 751 2053 X
750 2005 872 2068 migeti,
883 2005 928 2050 8<
941 2001 1104 2051 Tiencin.

157 2071 345 2138 Xanglmi
362 2073 674 2135 munimentum
685 2073 831 2137 ingens
848 2073 1016 2137 jacetin
1031 2067 1071 2134 C
1069 2092 1093 2118 ιι
1103 2070 1233 2120 insula
1245 2105 1257 2125 ,
1271 2070 1346 2119 ubi
1359 2074 1479 2120 Sinus
1489 2075 1609 2121 maris
1619 2075 1661 2120 in
1674 2076 1755 2120 Bo-

74 2162 78 2166 ·
88 2158 203 2190 ream
215 2141 498 2207 protenditur,
513 2142 557 2189 in
567 2158 695 2206 quem
704 2160 760 2188 ex
770 2143 962 2190 Tartaria
974 2142 1171 2207 Linhocmg
1181 2140 1333 2189 fluvius
1342 2141 1540 2201 illabitur,
1553 2142 1611 2189 ibi
1620 2143 1756 2191 altissi-

88 2214 148 2259 mi
170 2225 336 2258 montes
357 2246 368 2267 ‚
403 2224 530 2274 atque
550 2209 686 2275 ipsum
708 2228 821 2258 mare
840 2209 1084 2259 facillimam
1101 2211 1294 2258 efficiunt
1315 2213 1423 2258 muri
1446 2210 1753 2261 defensionem,

86 2280 185 2327 -Post
198 2278 422 2345 ingressum
430 2279 660 2325 Tartarum
672 2297 747 2345 per
761 2283 961 2344 Leaotung
972 2282 1134 2346 ingenti
1147 2279 1337 2344 praesidio
1349 2293 1440 2326 tum
1452 2283 1623 2327 navium
1634 2314 1645 2334 2
1662 2296 1755 2329 tum

89 2349 270 2397 militum
285 2348 365 2396 fuit
380 2346 624 2394 instructum
633 2381 646 2402 ,
659 2350 704 2395 &
716 2362 919 2412 tanquam
931 2348 1109 2396 fraenum
1120 2347 1338 2408 objectum
1350 2351 1545 2396 Tartaro.
1743 2400 1745 2404 y

155 2420 307 2467 Tiencin
319 2417 644 2465 Munimentum
663 2418 706 2464 in
726 2415 879 2463 ultimo
892 2418 996 2464 Sinu
1009 2418 1129 2464 maris
1141 2412 1254 2483 [2ng
1266 2455 1279 2476 ‚
1303 2435 1350 2464 ac
1359 2416 1519 2484 angulo
1524 2417 1634 2481 jacet
1650 2456 1662 2479 ‚
1680 2419 1756 2467 ubi

89 2489 216 2535 totius
226 2488 456 2536 Provinciae
467 2487 644 2534 flumina
654 2500 928 2545 concurrunt,
936 2485 1211 2552 altissimaque
1224 2504 1270 2533 ac
1281 2487 1498 2535 fortiffima
1509 2490 1656 2535 maenia
1667 2488 1757 2536 lon-

91 2557 255 2623 giffimo
273 2557 406 2604 tractu
417 2556 693 2621 praetergressa
705 2557 807 2602 mari
819 2554 858 2602 se
876 2555 1125 2604 immiscent.
1163 2558 1419 2622 Emporium
1432 2594 1446 2616 ‚
1472 2557 1590 2622 quod
1600 2556 1654 2604 de
1664 2560 1757 2622 opi-

91 2626 183 2685 bus,
192 2626 466 2673 aedificiorum
478 2624 715 2691 splendore,
726 2643 772 2672 ac
782 2623 1104 2693 locicapacitate
1117 2643 1214 2673 cum
1227 2625 1395 2691 reliquis
1405 2640 1543 2673 certat.
1556 2629 1625 2673 Ex
1639 2629 1758 2686 mari,

91 2693 483 2760 mediterraneisque
505 2696 698 2742 Sinarum
717 2692 818 2741 locis
838 2695 922 2742 huc
931 2713 1080 2743 omnes
1092 2695 1310 2742 confluere
1320 2694 1483 2743 debent
1493 2712 1632 2754 naves,
1642 2696 1758 2743 unde

94 2780 236 2810 earum
247 2765 372 2829 copia
384 2766 427 2811 in
441 2778 605 2812 tantum
618 2763 809 2811 accrescit
824 2801 837 2823 ,
860 2777 910 2810 ut
925 2764 1064 2812 biduo
1081 2765 1136 2812 ad
1150 2763 1254 2829 ipsas
1265 2802 1277 2823 ,
1298 2782 1391 2829 quae
1402 2764 1454 2810 ad
1467 2777 1689 2830 utramque
1706 2767 1758 2812 ri-

94 2849 194 2896 pam
208 2832 426 2880 stationem
438 2833 658 2882 firmarunt
669 2871 681 2893 ,
695 2832 922 2880 lustrandas
939 2851 1048 2899 opus
1065 2832 1126 2881 fit.
1161 2836 1343 2898 Optima
1357 2850 1536 2898 quaeque
1547 2832 1614 2879 hic
1625 2836 1755 2882 vendi

96 2899 245 2955 solent,
256 2918 309 2947 eo
320 2902 437 2965 quod
446 2904 721 2951 mercimonia
735 2902 795 2950 ibi
808 2901 1003 2949 liberiora
1014 2901 1105 2959 sint,
1116 2920 1194 2950 nec
1204 2900 1448 2968 impositum
1462 2902 1651 2968 vectigal.

164 2968 296 3017 Liber
314 2968 576 3033 publicarum
597 2975 834 3027 rationum,
851 2972 924 3037 qui
937 2973 1066 3019 totius
1077 2973 1250 3036 Imperii
1266 2970 1436 3018 censum
1447 2973 1639 3020 continet
1649 3008 1663 3032 ,
1683 2990 1758 3019 nu-

97 3040 282 3087 meratin
294 3036 371 3085 hac
383 3041 603 3088 Provincia
625 3041 800 3089 familias
819 3054 970 3106 quater
989 3042 1146 3088 centies
1169 3042 1215 3088 &
1237 3040 1476 3089 octodecies
1495 3039 1633 3101 mille,
1652 3059 1758 3088 non-

98 3123 264 3173 gentaS‚
284 3108 330 3154 &
347 3107 563 3175 octoginta
579 3127 738 3160 novem
749 3147 762 3172 ,
779 3110 937 3175 41898
946 3128 987 3175 9.
1033 3111 1237 3158 Virorum
1255 3111 1390 3158 tricies
1410 3124 1559 3176 quater
1568 3124 1760 3166 centena,

1554 3195 1761 3243 quinqua-
