2050 3412
324 169 389 230 ad
399 171 714 254 Magnum
729 167 988 231 Tartariae
1004 176 1229 255 Sinaeque
1249 178 1292 238 C
1289 175 1498 242 hamum.
1643 206 1666 245 Ι
1682 209 1750 259 57

95 1604 259 1669 potitus
274 1605 369 1654 fuit.
402 1604 584 1672 Jamque
594 1623 671 1671 per
684 1605 910 1655 secundam
925 1604 1029 1655 aulae
1038 1619 1221 1672 portam,
1235 1604 1386 1673 ignaro
1401 1605 1598 1656 omnium
1612 1619 1754 1656 rerum

97 1675 358 1739 Imperatore
378 1673 517 1722 hostes
527 1675 581 1723 ad
596 1678 797 1724 interiora
806 1689 1130 1743 penetraverant
1139 1674 1196 1742 (ὃ
1214 1676 1406 1724 miseram
1417 1677 1463 1726 8(
1475 1676 1589 1743 apud
1608 1675 1754 1744 poste-

95 1759 165 1791 ros
184 1746 259 1792 vix
291 1744 424 1793 fidem
453 1759 714 1812 reperturam
738 1745 977 1795 socordiam
1000 1749 1010 1793 !
1050 1745 1124 1793 sed
1150 1759 1267 1796 tanta
1288 1760 1376 1795 erat
1395 1747 1708 1796 Eunuchorum
1731 1765 1758 1797 a

98 1814 293 1881 Licungzi
303 1814 492 1882 partibus
502 1815 698 1865 stantium
710 1854 723 1876 ,
745 1815 926 1882 perfidia
935 1852 948 1876 ,
961 1830 1010 1864 ut
1018 1816 1072 1864 ad
1086 1829 1328 1867 extremum
1339 1816 1472 1883 usque
1486 1831 1756 1868 momentum

97 1888 242 1932 omnia
261 1904 404 1934 coram
417 1889 676 1951 Imperatore
685 1884 1024 1951 dissimularent)
1048 1903 1145 1933 cum
1158 1886 1307 1947 iidem,
1328 1888 1450 1935 nullo
1465 1886 1551 1949 jam
1568 1886 1756 1953 effugio,

95 1955 257 2002 cunetis
277 1956 470 2021 undique
495 1957 572 2003 viis
588 1954 642 2001 ab
657 1955 777 2004 hoste
792 1955 985 2014 obsessis,
1016 1956 1256 2020 periculum
1278 1959 1501 2005 imminens
1520 1956 1751 2005 denuncia-²

95 2039 212 2072 runt.

168 2097 403 2160 Imperator
420 2096 649 2161 repentino
665 2095 827 2142 nuncio
845 2095 890 2142 8(
910 2092 1144 2158 improviso
1163 2097 1389 2156 attonitus,
1408 2093 1523 2142 nulla
1543 2112 1597 2141 ne
1614 2093 1753 2142 salutis

102 2163 324 2227 superesset
342 2167 449 2212 ratio
461 2202 474 2223 ,
497 2181 672 2228 rogare3
699 2163 836 2212 &illis
853 2166 1003 2226 perdita
1020 2168 1160 2222 omnia,
1175 2181 1222 2210 ac
1233 2165 1456 2213 secundam
1466 2162 1553 2224 jam
1562 2162 1616 2210 ab
1630 2162 1751 2210 hoste

101 2246 270 2296 portam
281 2235 429 2293 teneri,
438 2234 749 2292 nunciantibus,
758 2231 982 2297 epistolam
995 2235 1174 2297 proprio
1190 2232 1391 2298 sanguine
1402 2230 1583 2296 scripsit,
1604 2233 1752 2280 Eunu-

100 2300 205 2347 chos
218 2302 310 2348 suos
314 2301 648 2368 ,utproditores,
664 2301 879 2360 accusans,
893 2299 1085 2348 subditos
1095 2300 1318 2361 excusans,
1332 2320 1380 2349 ac
1391 2305 1593 2367 Licungzo
1612 2303 1752 2366 Impe-

102 2370 213 2418 rium
228 2339 397 2418 coelitus
420 2369 676 2418 destinatum
698 2370 962 2436 gratulatus
996 2369 1223 2417 vindiciam
1247 2340 1324 2436 ipsi
1341 2369 1609 2436 perfidorum
1630 2388 1751 2417 com⁶

103 2438 333 2487 mendavit
369 2440 518 2487 Literis
539 2437 698 2504 scriptis
709 2455 814 2486 mox
827 2437 956 2485 filiam
967 2437 1226 2498 nubilem,ne
1242 2439 1430 2487 ludibrio
1440 2438 1628 2487 hostibus
1638 2439 1753 2498 esset

105 2509 176 2555 lua
193 2526 323 2555 manu
356 2512 399 2556 in
424 2506 626 2556 cubiculo
644 2508 868 2568 confodit,
901 2509 947 2556 8(
968 2507 1142 2556 hortum
1161 2508 1361 2574 ingressus
1393 2508 1448 2558 de
1461 2508 1585 2557 fascia
1600 2506 1751 2555 crurali

94 2576 287 2642 rle1psum
298 2577 351 2623 ab
375 2577 525 2627 arbore
543 2595 683 2642 pruno
700 2576 929 2642 suspendit.
964 2578 1047 2624 Hic
1062 2579 1200 2625 exitus
1211 2578 1444 2644 Zungchinii
1460 2578 1599 2627 ultimi
1618 2578 1691 2625 8(
1682 2594 1746 2625 in·
1768 2587 1907 2621 Genera«

106 2646 330 2694 felicissimi
353 2649 544 2696 Sinarum
564 2664 623 2693 ex
635 2647 887 2712 Taimainga
901 2646 1057 2694 familia
1066 2648 1333 2712 Imperatoris
1351 2646 1445 2695 fuit.
1479 2650 1751 2712 Namquam-
1765 2628 1918 2704 ξῖῗηῗζξῖ.

107 2718 169 2762 vis
189 2717 235 2762 8(
251 2715 319 2761 alii
337 2715 506 2763 familiae
525 2714 651 2778 hujus
668 2715 812 2781 postea
831 2714 978 2772 electi3
1013 2718 1114 2779 quia
1129 2731 1270 2766 tamen
1293 2733 1383 2763 non
1399 2716 1476 2764 nisi
1466 2730 1663 2781 ipartem
1675 2715 1749 2766 ali
1766 2720 1814 2789 ξζξ
1817 2723 1917 2784 §¹312

109 2802 238 2862 quam
257 2786 427 2849 Imperii
442 2799 694 2842 tenuerunt,
725 2783 778 2831 ab
795 2783 889 2849 ipsis
903 2785 1029 2831 Sinis
1020 2802 1064 2832 m
1086 2784 1304 2849 Catalogo
1318 2786 1631 2849 Imperatorum
1650 2783 1750 2834 Tm}
1765 2793 1896 2825 licorum-

108 2857 314 2920 mitigarunt
338 2870 426 2901 non
454 2854 735 2903 recensentur.
778 2855 837 2900 lta
857 2851 1060 2901 familiam
1080 2871 1212 2919 quam
1234 2853 1342 2900 latro
1369 2855 1444 2902 Cha
1467 2854 1748 2915 condiderat,

109 2923 212 2969 alius
228 2922 334 2969 latro
347 2926 598 2989 Licngzus
591 2939 743 2972 iterum
760 2921 922 2987 pessum
932 2921 1064 2970 dedit.
1097 2921 1361 2986 Exemplum
1380 2924 1651 2987 Imperatoris
1662 2923 1749 2972 Tu-

112 2993 550 3058 tangus‚lmperatrix‚
574 2992 758 3040 fidissimi
774 2988 1019 3038 cubicularii
1037 2993 1084 3037 8(
1103 2991 1172 3038 alii
1191 2991 1496 3051 imitabantur,
1527 3009 1674 3042 omnes
1694 2990 1749 3038 ab

110 3036 332 3107 arboribus
349 3059 420 3110 lua
435 3078 562 3108 manu
578 3060 788 3127 suspensi.
815 3060 860 3106 8(
872 3058 1004 3105 multa
1015 3059 1145 3107 millia
1161 3060 1321 3108 civium
1334 3062 1452 3126 aquis
1462 3061 1698 3126 autlaqueo
1710 3058 1750 3105 se

112 3129 253 3179 {uffoc
248 3127 395 3191 ibant,
404 3148 458 3180 ne
471 3144 591 3179 tanto
611 3130 813 3179 dedecori
826 3130 870 3175 8(
883 3129 1013 3178 iuinae
1026 3128 1207 3195 publicat
1223 3128 1488 3194 superessent.

1140 3215 1165 3244 v
1209 3216 1232 3262 3
1679 3197 1753 3242 Li*
