2114 3412
348 125 743 212 ademagnum
756 126 1009 189 Tartariae
1026 130 1070 189 S
1072 121 1248 212 irtaeqite
1268 130 1311 190 C
1308 127 1497 191 hairum.
1684 154 1706 199 3
1725 151 1750 200 3

108 227 296 277 Patribus
322 228 539 275 Societatis
557 225 775 277 sublimius
793 244 950 279 nomen
962 267 978 289 ,
998 246 1127 294 quam
1146 227 1268 294 quod
1287 229 1331 276 in
1350 229 1564 297 baptismo
1581 248 1754 298 accepe-

107 314 225 357 runt,
248 298 271 343 a
289 295 526 344 Sinenssbus
542 295 753 344 tribuitur.

171 370 321 432 Magni
338 369 443 414 Sinae
457 367 718 431 antiquitatis
748 364 1014 414 aestimatores
1038 365 1152 426 sunt,
1171 383 1416 433 quanquam
1444 369 1487 415 in
1512 372 1607 417 Sina
1626 371 1754 420 nullae

105 439 288 502 antiquae
305 435 446 484 statuae
464 437 741 501 reperiantur.
784 434 1001 500 Tripodes
1020 453 1157 484 aeneos
1173 440 1595 503 propteraeruginem
1607 477 1619 499 ,
1647 444 1754 489 anti-

107 507 276 572 quitatis
293 505 601 553 documentum
612 506 773 571 ‚magni
783 503 945 552 faciunt
955 523 1055 565 ‚nec
1070 523 1161 554 non
1176 505 1264 553 vasa
1277 512 1452 554 excreta
1464 509 1509 554 8(
1524 527 1747 559 marmore.

106 575 187 624 Sed
210 576 424 639 praecipue
447 574 628 639 picffiuras
650 593 699 623 ac
720 572 941 641 scripturas
972 574 1260 640 praestantium
1284 576 1498 625 artificum
1535 576 1750 629 aestimant.

104 642 432 711 Magistratuum
449 642 601 710 singuli
614 644 826 710 peculiare
847 643 1031 711 sigillum
1049 644 1183 692 officii
1202 644 1261 692 sui
1278 644 1438 693 habent
1456 647 1501 692 8(
1523 646 1598 693 soli
1617 648 1754 694 rubri-

104 731 152 761 ca
171 712 426 780 subsignant.
470 717 570 761 Hoc
587 713 771 781 sigillum
793 712 989 780 singulari
1005 732 1103 761 cura
1118 713 1367 763 custodiunt
1378 753 1390 775 2
1408 716 1529 780 quod
1544 734 1599 763 eo
1609 718 1755 765 amiffo

103 801 194 832 non
208 796 374 832 tantum
394 783 647 849 Magistratu
666 782 888 843 excidant,
905 782 976 830 sed
995 785 1040 831 8(
1053 785 1235 850 graviter
1250 784 1504 850 plebiantur.
1536 787 1599 835 Ita
1612 792 1753 836 Hum-

105 867 204 903 Wus
220 851 403 900 sancivi-t.
438 852 544 900 Ideo
560 853 723 918 semper
741 855 783 902 in
794 851 891 901 cista
905 852 1040 901 clausa
1050 856 1095 902 8(
1105 851 1324 920 obsignata
1332 854 1469 903 solum
1482 855 1525 902 id
1545 855 1756 918 deferunt,

102 940 152 970 ac
166 921 296 970 noftu
305 921 516 987 pulvinari
536 922 796 969 dormientes
810 923 1074 989 supponunt.

170 992 261 1039 Viri
282 991 480 1038 honorati
496 1008 715 1055 nunquam
735 991 865 1056 pedes
885 993 1114 1051 incedunt,
1132 991 1202 1040 sed
1223 991 1371 1041 leffica
1386 992 1753 1054 humerisbajuloa

102 1077 196 1108 rum
217 1059 412 1107 sublimes
429 1058 644 1126 gestantur
670 1099 682 1121 ,
714 1061 859 1109 lecsiica
875 1061 968 1108 haec
996 1064 1271 1110 circumcirca
1295 1062 1430 1110 clausa
1448 1081 1521 1110 eos
1541 1080 1563 1109 a
1583 1078 1752 1127 praeter-

102 1130 296 1177 euntium
316 1127 546 1194 conspefm
562 1143 689 1189 arcet,
705 1129 781 1177 nisi
797 1143 910 1177 retro
919 1147 1013 1178 eam
1031 1132 1245 1195 aperiant,
1271 1133 1444 1179 acinco
1461 1132 1484 1177 a
1495 1131 1754 1198 Magistrati-

101 1200 180 1246 bus
191 1197 391 1246 differunt
405 1221 417 1257 5
439 1210 537 1246 nam
551 1198 594 1244 hi
614 1195 776 1247 leeiicas
791 1199 983 1263 undique
995 1211 1185 1265 patentes
1203 1198 1374 1249 habent.

170 1268 373 1316 Foeminae
395 1268 522 1315 etiam
540 1267 694 1315 leeiicis
715 1268 1029 1335 gestantur,sed
1045 1268 1359 1317 aliaavirilibus
1375 1268 1528 1317 forma.
1563 1270 1754 1328 Qadri-

101 1357 189 1406 gae,
202 1338 329 1385 trahae
341 1375 353 1398 ‚
364 1354 528 1395 currus,
546 1336 710 1404 legibus
729 1338 1015 1403 prohibentur
1029 1378 1044 1400 ‚
1077 1353 1261 1405 excepta
1276 1338 1381 1386 urbe
1393 1341 1551 1405 Pelting,
1565 1353 1615 1386 ut
1627 1339 1751 1404 supra

101 1409 360 1458 monuimus.
396 1409 681 1474 Praeceptores
697 1421 790 1455 tota
809 1409 895 1455 vita
903 1407 1077 1469 colunt,
1102 1407 1150 1454 8(
1169 1407 1289 1457 lateri
1304 1425 1455 1456 eorum
1473 1408 1753 1460 observantiae

100 1496 207 1545 ergo
229 1476 418 1526 affident.

167 1546 347 1594 Tefferis
365 1548 410 1594 8(
426 1544 575 1594 chartis
586 1546 662 1594 fex
679 1555 846 1595 tantum
860 1547 1015 1613 populi
1030 1545 1156 1607 ludit,
1170 1548 1480 1596 Honoratiores
1491 1548 1657 1595 Scaccia
1672 1586 1686 1609 ‚
1709 1550 1758 1598 in

100 1634 192 1683 quo
207 1614 261 1664 ab
286 1616 507 1681 Europaeis
526 1616 838 1681 aliquantulum
860 1618 1110 1684 discrepant.
1152 1615 1234 1664 Sed
1246 1619 1502 1684 Magnatum
1525 1617 1649 1665 ludus
1666 1617 1726 1665 cst
1741 1652 1757 1678 ‚

101 1704 193 1753 quo
208 1684 399 1735 tabulam
409 1698 655 1733 excavatam
666 1721 680 1743 ,
693 1688 765 1733 cui
779 1699 975 1735 trecenta:
986 1685 1173 1735 aediculae
1187 1685 1242 1732 ad
1260 1686 1388 1734 latera
1406 1687 1522 1746 sunt,
1555 1705 1655 1735 cum
1674 1687 1756 1736 du-

100 1757 234 1805 centis
254 1754 458 1803 orbiculis
473 1754 576 1802 albis
595 1757 750 1820 partim
774 1757 820 1803 8(
839 1758 970 1823 nigris
987 1794 1000 1817 ‚
1031 1754 1248 1806 adhibent.
1293 1758 1387 1814 Qui
1403 1757 1542 1822 plures
1563 1755 1759 1805 aediculas

101 1837 300 1892 occupat,
308 1823 446 1873 νίἃοῑ
456 1824 529 1871 est.
565 1823 647 1889 Ipsi
658 1824 928 1890 Magistratus
938 1830 1125 1892 integros
1136 1825 1225 1875 dies
1240 1825 1339 1873 huic
1349 1826 1457 1873 lusui
1473 1826 1734 1893 impendunt
1743 1863 1760 1886 ‚

102 1897 149 1945 8(
165 1897 241 1962 qui
258 1897 301 1942 in
316 1913 371 1943 eo
382 1893 571 1955 excellit,
583 1894 738 1941 famam
755 1894 868 1956 inde,
878 1913 925 1943 ac
935 1896 1256 1946 aestimationem
1273 1895 1388 1961 apud
1400 1895 1587 1962 reliquos
1605 1896 1752 1944 conse-

95 1966 258 2032 quitur.

168 2034 383 2101 Sponsalia
399 2036 507 2082 inter
517 2034 744 2099 pueritiam
758 2035 1030 2083 contrahunt.
1047 2035 1266 2099 Praecipue
1276 2033 1490 2099 aequalitas
1500 2037 1610 2082 inter
1622 2035 1751 2099 spon·-

100 2108 190 2154 sum
213 2107 258 2152 8(
277 2104 470 2169 sponsam
489 2106 619 2150 aetatis
633 2103 854 2169 spec‘tatur.
899 2108 1094 2152 Parentes
1112 2102 1271 2169 absque
1289 2104 1495 2153 consensu
1527 2102 1668 2169 sponsi
1677 2118 1751 2151 aut

102 2173 262 2240 sponsae
282 2173 401 2238 pa&a
411 2173 616 2238 nuptialia
634 2176 795 2220 ineunt.

166 2242 332 2290 Tartari
348 2243 592 2307 Regum,ut
602 2242 717 2307 apud
729 2244 988 2307 Europaeos,
1005 2241 1224 2289 connubia
1235 2244 1419 2308 ‚generis
1432 2243 1477 2288 8(
1493 2241 1663 2290 familiae
1684 2241 1749 2288 di-
1767 2268 1896 2299 Connu-

99 2313 259 2380 gnitate
269 2309 488 2367 aestimant,
498 2310 686 2376 Reginas
697 2328 752 2357 ex
771 2312 911 2374 Regia
925 2310 1053 2375 stirpe
1063 2324 1218 2374 petunt
1238 2331 1247 2357 ε
1276 2309 1495 2358 inferiores
1509 2346 1521 2368 2
1540 2310 1658 2358 velut
1669 2311 1748 2357 im·
1765 2308 1901 2380 ξὲζοῖξῐζ,

98 2398 241 2448 pares,
264 2379 565 2446 dedignantur.
599 2380 833 2425 Contrario
849 2379 1084 2426 Sinensium
1093 2396 1212 2426 more
1227 2416 1240 2438 ‚
1262 2380 1405 2445 quiex
1426 2378 1595 2444 plebeia
1606 2381 1746 2446 Virgi-
1766 2390 1918 2422 &Simena

99 2468 203 2503 num
211 2447 721 2514 corona2pulcherrimam
735 2447 919 2513 seligunt
933 2485 946 2508 ‚
959 2447 1076 2496 nulla
1085 2449 1261 2514 originis
1276 2449 1441 2496 ratione
1456 2448 1600 2497 habita
1619 2469 1629 2495 τ
1658 2449 1749 2496 for·
1765 2431 1849 2463 suun.
1879 2456 1883 2462 ‘

100 2537 212 2570 mam
230 2519 368 2585 stirpis
382 2516 597 2565 nobilitati
612 2519 903 2565 anteferentes.
928 2522 1051 2565 Pater
1065 2517 1266 2584 Augustae
1277 2517 1456 2565 Sinenfis
1470 2518 1629 2566 ultimae
1639 2518 1751 2566 adeo

101 2591 194 2638 vilis
206 2626 219 2649 ‚
236 2603 284 2637 ut
299 2590 337 2636 sc
349 2588 616 2652 domumque
635 2586 935 2646 suam,calceos
949 2586 1193 2635 stramineos
1213 2585 1468 2647 conficiens,
1501 2586 1750 2636 sustentarit.

101 2657 376 2706 Concubinas
391 2658 529 2705 forma
541 2655 742 2721 probant,
758 2674 848 2703 uon
866 2674 1047 2722 genere,
1081 2658 1128 2704 8(
1144 2655 1230 2704 fere
1246 2658 1428 2722 pecunia
1446 2670 1607 2705 emunt.
1642 2656 1750 2704 Vul-

103 2744 179 2793 gus
211 2743 367 2775 uxores
385 2725 462 2774 fibi
487 2727 591 2774 emit
608 2762 622 2785 ,
654 2726 699 2771 8(
718 2725 1070 2790 quandocunque
1089 2725 1208 2786 vult,
1231 2727 1384 2773 iterum
1399 2725 1602 2775 vendunt.
1648 2727 1750 2774 Rex:

103 2813 229 2845 unam
240 2796 473 2861 legitimam
481 2794 713 2861 conjugem
729 2793 858 2841 habet
877 2813 887 2839 ε
909 2809 1110 2861 praeterea
1124 2812 1284 2843 novem
1300 2794 1398 2842 alias
1414 2793 1623 2842 inferioris
1646 2812 1752 2844 con*

105 2864 278 2912 ditionis
289 2863 406 2913 ducit
418 2885 427 2910 :
442 2865 542 2913 inde
552 2864 690 2911 adhuc
701 2866 887 2930 triginta,
896 2882 990 2929 quae
1004 2882 1151 2911 omnes
1162 2880 1317 2910 uxores
1336 2862 1618 2929 appellantur.
1631 2864 1752 2916 Turn

104 2936 252 3000 ingens
270 2934 604 2981 concubinarum
613 2951 810 2981 numems
821 2969 833 2992 ,
849 2933 919 2981 sed
929 2951 1024 2999 quae
1039 2935 1304 2998 Reginarum
1315 2969 1327 2991 ,
1338 2948 1410 2980 aut
1420 2950 1608 2981 uxorum
1622 2933 1753 2985 titulo

105 3001 436 3052 noncensentnr.
470 3008 580 3061 Qae
596 3002 752 3051 liberos
771 3004 965 3068 pariunt,
999 3005 1215 3069 praecipue
1226 3003 1564 3069 primogenitum
1580 3003 1753 3068 Imperii

106 3071 316 3122 haeredem
328 3110 341 3134 ,
358 3089 444 3139 prae
458 3074 612 3120 caeteris
627 3072 894 3123 aestimantur.
927 3072 1049 3121 Idem
1073 3089 1253 3137 quoque
1268 3075 1497 3140 Magnates·
1511 3070 1752 3187 observanlt.

1179 3160 1204 3189 e
1653 3141 1711 3186 So
1729 3156 1756 3189 ae

1766 2075 1908 2118 Nuptiae.
