2050 3412
126 609 193 639 γεω
201 618 259 639 ter-

126 660 195 681 ειυς.

128 1221 209 1260 sajus

127 1270 260 1302 quartus.

137 2280 230 2311 fabius

137 2324 269 2363 quintum

289 162 313 200 1
326 154 390 199 26
667 135 785 196 ‘Par
801 132 991 193 sulttmn
1014 134 1296 218 Legationis
1315 135 1577 193 Batavicae

284 238 576 308 plcStebatur3
612 237 684 301 qui
696 255 795 284 eum
808 236 982 284 vicissim
995 273 1005 295 ,
1017 250 1064 283 ut
1073 249 1254 302 patrem,
1268 233 1627 299 obsequentissimi
1641 232 1717 282 filii
1726 233 1942 286 colebant.

288 309 365 356 Ille
389 309 519 372 Regis
534 323 695 354 nomen
719 343 736 365 ,
767 306 810 354 hi
833 305 1119 367 subje&orum
1139 305 1298 352 civium
1321 322 1473 351 munus
1494 304 1671 370 pulchre
1693 303 1940 370 explebant.

289 379 452 425 Omnia
469 390 570 424 tunc
584 389 703 423 erant
712 376 958 424 communia
972 415 984 435 ,
998 373 1120 422 liberi
1136 392 1284 422 omncs
1295 409 1307 431 ,
1329 376 1609 440 maximoque
1629 378 1737 423 inter
1745 376 1785 423 se
1795 391 1945 422 omnes

289 463 434 494 amore
457 447 657 496 connexi
696 446 769 493 Ab
794 445 870 492 hac
888 462 992 492 vcro
1006 460 1205 511 agrorum
1223 441 1432 491 divisione
1455 444 1753 494 Geometriam
1773 446 1945 493 initium

290 515 485 582 reperisse
504 514 710 563 credibile
721 514 794 564 est.

358 587 557 650 Sequitur
575 589 609 633 1
604 606 690 644 eus,
709 585 783 650 qui
809 584 1033 631 mortales
1025 601 1067 629 ιη
1079 586 1296 631 montium
1306 581 1431 628 antris
1442 582 1486 628 8<
1499 579 1730 646 speluncis
1721 599 1766 630 m
1780 581 1866 631 hoc
1881 582 1948 632 us

291 673 378 721 que
395 668 561 719 tempus
580 654 839 712 habitantes
848 652 1028 717 mapalia
1041 653 1086 698 &-
1096 652 1226 700 casas
1213 671 1236 699 e
1251 652 1372 729 ligno
1389 650 1597 699 aedificare
1612 651 1790 711 docuit,
1808 667 1888 701 uta
1903 653 1946 703 se:

290 722 655 785 feraruminjurias
670 721 961 770 defenderent.
1001 722 1100 769 Fuit
1119 736 1261 769 autem
1289 723 1336 767 iis
1355 720 1625 786 temporibus
1635 737 1789 786 magna
1799 721 1947 772 huma-

293 810 448 841 norum
468 792 725 841 commod01
728 809 800 839 um
825 790 996 840 inicitia.
1033 793 1191 855 Neque
1206 792 1320 839 enim
1335 803 1407 837 aut
1429 790 1517 856 agri
1542 789 1714 839 colendi
1735 804 1949 857 praecepta

293 863 467 923 idonea,
479 877 552 910 aut
568 864 675 929 ignis
687 861 710 908 ὲ
727 859 839 908 silice
849 860 901 907 ad
913 859 1121 925 parandos
1131 862 1251 908 cibos
1255 857 1542 923 ,fovendaque
1552 877 1734 926 corpora
1746 859 1948 910 eliciendi

294 932 413 980 ulum
423 930 643 982 callebant
682 931 890 977 Heibis&
912 928 1117 977 lruffibus
1133 930 1283 997 sponte
1299 926 1561 977 nascentibus
1572 966 1584 988 ,
1601 927 1828 996 crudisque
1841 927 1949 981 fera·

294 1020 388 1049 rum
397 1000 590 1050 carnibus
606 1000 895 1059 vescebantur,
903 1012 1039 1065 epoto
1048 1001 1176 1047 etiam
1185 997 1415 1047 earundem
1424 996 1641 1064 sanguine,
1656 1016 1756 1047 cum
1768 997 1950 1066 urgebat

294 1070 390 1121 sti
429 1068 693 1117 Animalium
703 1068 885 1135 pellibus
901 1067 1025 1116 nullo
1037 1068 1218 1116 artificio
1232 1069 1413 1133 paratiS,
1431 1067 1483 1114 ad
1496 1068 1679 1135 tegenda
1694 1085 1878 1135 corpora
1891 1071 1951 1118 ita

294 1139 540 1199 utebantur,
551 1152 599 1186 ut
615 1153 755 1186 tamen
770 1155 998 1186 maxrmam
1009 1152 1172 1202 partem
1187 1137 1292 1184 nudi
1308 1135 1563 1185 incederent.

364 1212 462 1257 Hoc
477 1211 561 1256 vita
577 1207 727 1255 functo
751 1211 867 1273 Sujus
886 1224 1058 1272 regnare
1076 1207 1225 1272 coepit.
1259 1208 1295 1253 Is
1315 1202 1494 1253 mirifice
1509 1208 1554 1253 in
1581 1204 1855 1255 Astronomia
1869 1224 1951 1255 ex-

295 1278 456 1327 celluit.
492 1280 562 1324 Ex
580 1275 812 1336 astrorum,
831 1290 879 1322 ut
889 1278 933 1323 8<
946 1276 1061 1322 orbis
1076 1277 1204 1323 nostri
1215 1273 1582 1340 contemplatione
1594 1278 1752 1340 primus
1766 1277 1791 1324 ὲ
1809 1277 1952 1325 Sinica

296 1346 572 1414 Philolophia
582 1347 773 1410 quinque
789 1344 996 1393 elementa
1007 1345 1088 1392 effe
1103 1344 1277 1402 docuit,
1308 1343 1556 1403 metallum,
1577 1344 1758 1409 lignum,
1772 1362 1954 1410 aquam,
2019 1393 2022 1395 ,

293 1433 472 1470 terram
492 1416 558 1464 8(
550 1432 721 1480 ignem3
741 1430 929 1479 quorum
938 1412 1203 1492 postremum
1218 1411 1322 1462 effe
1313 1431 1356 1460 in
1371 1415 1465 1461 ae're
1474 1412 1774 1479 deprehendit.
1807 1416 1954 1482 Ligno

294 1473 648 1554 quoquelignum
667 1482 892 1532 atterendo
915 1483 1076 1548 primus
1086 1484 1231 1550 ignem
1245 1480 1415 1543 elicuit,
1433 1496 1482 1530 ut
1491 1501 1568 1530 nos
1581 1483 1606 1529 ὲ
1618 1482 1729 1532 silice
1742 1483 1949 1535 solemus·
1934 1522 1950 1546 ,

292 1574 342 1607 ac
357 1554 476 1603 velut
485 1553 589 1601 alter
605 1553 880 1601 Prometheus
890 1551 1072 1599 flammae
1081 1551 1241 1600 radices
1252 1552 1298 1600 ὃς
1307 1555 1521 1618 originem
1530 1554 1710 1619 aperuit.
1726 1555 1853 1601 Eam
1842 1554 1955 1620 ignis

294 1622 562 1676 extundendi
573 1636 703 1671 artem
715 1624 950 1670 etiamnum
962 1622 1089 1669 Sinae
1080 1639 1123 1670 m
1135 1621 1211 1669 usu
1221 1620 1404 1683 habent,
1427 1623 1473 1670 &
1489 1639 1571 1688 pro
1583 1624 1694 1670 varia
1703 1623 1956 1701 tempestate

297 1694 396 1744 anni
413 1693 529 1758 ligna
544 1694 657 1739 varia
671 1689 927 1758 deligunt,id
938 1693 1144 1770 temporis
1154 1690 1207 1738 ad
1222 1690 1530 1757 praebendum
1520 1708 1666 1758 ignem
1681 1693 1858 1759 aptiora.
1896 1693 1957 1742 Et

294 1764 329 1812 fi
318 1780 479 1829 ineque
495 1760 673 1809 alterum
684 1760 1017 1826 compendium
1008 1773 1237 1827 ignorent,
1258 1759 1459 1826 chalybe
1449 1777 1593 1827 ignem
1602 1760 1627 1807 ὲ
1637 1760 1751 1809 filice
1760 1761 1956 1827 petendi.

297 1833 417 1880 Idem
430 1834 546 1895 Sujus
561 1830 847 1878 charaCterum
863 1831 1135 1878 &literarum
1151 1829 1275 1890 loco,
1293 1828 1463 1878 fumum
1472 1829 1611 1877 nodos
1627 1829 1683 1878 ad
1699 1831 1957 1882 memoriam

298 1900 521 1950 levandam
539 1902 698 1964 primus
723 1900 909 1958 invenit,
942 1900 1023 1946 8<
1015 1917 1057 1947 in
1076 1897 1228 1946 scholis
1247 1898 1458 1947 modum
1450 1900 1497 1946 iis
1515 1899 1594 1947 rite
1603 1898 1955 1950 utendiedocuit.

299 1969 542 2017 Nullatunc
561 1969 763 2033 pecunia,
792 1985 870 2015 nec
893 1969 981 2015 auri
996 1968 1127 2016 fames
1142 1966 1237 2016 fuit.
1271 1967 1496 2015 Nundinas
1520 1981 1663 2016 tamen
1684 1967 1865 2016 instituit
1875 2006 1889 2030 ‚
1905 1984 1958 2019 ut

299 2055 440 2087 rerum
451 2037 835 2102 permutationibus
846 2036 1032 2085 idoneas.
1071 2036 1144 2086 Ad
1160 2051 1253 2100 quae
1265 2035 1360 2083 talia
1370 2035 1534 2087 felicius
1545 2035 1840 2085 constituenda
1849 2056 1956 2103 qua-

301 2121 401 2155 tuor
416 2105 701 2173 praestantium
718 2124 738 2152 v
747 2107 922 2165 irorum,
931 2123 1040 2170 quos
1050 2104 1288 2153 ditionibus
1298 2104 1556 2170 praefecerat,
1568 2123 1699 2172 opera
1716 2107 1762 2153 &
1773 2106 1955 2160 confilio

301 2174 471 2238 adjutus
486 2175 583 2223 fuit.

371 2246 454 2292 Hic
464 2262 570 2309 ergo
580 2247 738 2310 primus
753 2243 830 2304 est,
841 2261 974 2309 quem
985 2244 1092 2290 Sinae
1101 2246 1406 2310 Imperatorem
1415 2280 1427 2303 ,
1450 2243 1520 2292 seu
1529 2244 1619 2293 caeli
1637 2243 1775 2293 filium
1785 2245 1959 2300 vocant.

304 2316 432 2361 Hunc
448 2316 606 2362 Fohium
623 2315 646 2360 'e
665 2329 797 2362 matre
815 2314 976 2376 absque
987 2327 1106 2378 patre
1128 2328 1276 2362 natum
1300 2327 1549 2362 memorant.
1586 2312 1705 2362 Illam
1713 2314 1827 2363 enim
1841 2313 1959 2365 forte

304 2382 358 2429 ad
368 2384 503 2448 ripam
515 2382 640 2443 lacus,
655 2384 677 2429 a
691 2401 781 2448 quo
794 2380 1113 2442 Lanthicn,u1bs
1125 2383 1168 2430 in
1183 2383 1406 2448 provincia
1417 2391 1480 2435 X
1480 2385 1565 2450 ensi
1573 2419 1586 2442 ,
1599 2382 1770 2431 alluitur
1781 2420 1793 2442 ,
1809 2381 1959 2434 deam·

304 2450 526 2499 bulantem
542 2454 687 2518 ingens
699 2453 881 2499 hominis
894 2451 1117 2517 vestigium
1132 2453 1175 2499 in
1191 2469 1313 2498 arena
1324 2451 1743 2519 impreffumcalcasse
1753 2490 1769 2512 ,
1791 2450 1960 2502 indeab

306 2520 411 2568 iride
424 2521 729 2568 circumdatam
752 2521 1015 2586 concepiffe,
1047 2522 1090 2568 in
1107 2520 1345 2585 eademque
1364 2521 1588 2587 provincia
1608 2521 1765 2569 Fohium
1781 2522 1959 2571 enixam

306 2589 396 2636 effe.
433 2591 469 2637 ls
479 2608 591 2637 anno
602 2604 698 2637 ante
710 2590 924 2654 vulgarem
935 2589 1094 2637 Christi
1104 2590 1315 2655 epocham
1326 2626 1339 2649 ,
1348 2589 1470 2656 quod
1486 2589 1609 2654 supra
1620 2587 1855 2637 indicatum
1865 2589 1960 2652 ,bis

306 2657 543 2713 millesimo,
555 2658 883 2737 nongentesimo
893 2694 906 2716 ,
920 2657 1276 2725 quinquagesimo
1284 2658 1494 2707 secundo
1484 2658 1711 2724 imperium
1721 2659 1961 2725 auspicatus

306 2745 348 2774 in
359 2726 508 2776 eadem
517 2729 755 2793 provincia,
765 2744 895 2806 qua-m
906 2728 1087 2775 natalem
1097 2726 1430 2794 habuit,regian1
1444 2726 1675 2776 constituit.
2004 2721 2006 2725 ⁷

374 2796 459 2843 Hic
470 2799 705 2871 Imperator
714 2814 780 2844 ma
786 2798 877 2862 gnis
887 2795 1112 2844 virtutibus
1122 2797 1276 2855 eluxit,
1290 2799 1336 2846 8<
1346 2795 1580 2861 astrologiae
1589 2796 1836 2862 cumprimis
1845 2797 1961 2862 peri-

311 2878 373 2912 tus
384 2901 396 2923 ,
420 2865 678 2913 coelestium
669 2879 792 2921 juxta
801 2866 1164 2931 humanarumque
1180 2883 1321 2914 rerum
1335 2881 1477 2913 curam
1487 2864 1635 2913 exaEte
1645 2863 1809 2914 habuit.
1844 2869 1961 2916 Nam

309 2934 353 2979 in
362 2933 468 2981 caelo
479 2934 657 2998 quidem
667 2932 847 2982 siderum
866 2948 1007 2981 motus
1021 2935 1221 2992 intuitus,
1241 2951 1417 2999 magnos
1434 2951 1586 2982 eorum
1595 2933 1721 2982 orbes
1729 2934 1951 3000 aliasque
1931 2952 1959 2982 e

309 3000 551 3049 Matheleos
570 3020 718 3051 norma
729 3001 880 3069 figuras
899 3005 1058 3069 primus
1076 3006 1120 3051 in
1129 3002 1281 3050 tabulis
1293 3001 1487 3067 delcrlps
1491 3016 1520 3053 t
1565 3005 1612 3051 In
1632 3020 1768 3070 regno
1787 3002 1899 3068 leges
1910 3004 1959 3052 &

301 3068 461 3118 statuta
474 3075 762 3136 excogitavit,
762 3043 965 3137 oquibus,
995 3086 1044 3120 ut
1055 3074 1100 3121 8<
1111 3070 1350 3132 moenibuS,
1367 3073 1527 3138 primus
1536 3073 1734 3123 mortales
1751 3073 1959 3136 munivit,

1813 3156 1960 3191 nonn-
