2050 3412
338 146 404 207 ad
416 150 734 233 Magnum
751 145 1010 211 Tartariae
1029 156 1252 239 Sinaeque
1276 158 1317 218 C
1315 156 1519 218 hamum.
1632 182 1670 224 *1
1682 176 1746 231 7'1

98 252 282 322 parvulis
294 252 374 301 illis
395 252 583 319 profuit,
607 267 656 301 ut
667 255 850 303 Herodis
870 258 1175 305 Innocentibus
1197 279 1206 303 ε
1230 277 1434 326 magnum
1443 261 1567 327 plane
1580 264 1751 313 Divinae

98 323 475 392 praedestinationis
489 323 792 371 testimonium.

167 391 395 458 Postquam
413 393 470 439 ita
495 392 791 440 innumerabili
815 393 930 440 caede
944 396 1116 442 Suchuen
1135 397 1402 457 exhauserat,
1425 399 1629 464 imprimis
1646 420 1747 450 vero

99 461 250 511 urbem
265 460 433 528 [hingtu
453 459 722 526 (quanquam
742 464 867 509 etiam
888 469 1033 529 ngis
1047 468 1209 512 Chanum
1225 467 1270 512 8<
1286 466 1550 516 Tamerlanem
1567 488 1641 534 per
1653 475 1748 518 Pcr-

96 532 198 580 fiam
216 533 318 579 &in
335 532 442 579 urbe
462 533 625 597 Isfahan
638 568 650 590 ,
665 548 713 577 ac
725 534 915 594 Damasco
924 531 1070 580 fimilia
1080 569 1091 591 ,
1106 534 1195 580 imo
1206 536 1413 582 atrociora
1422 540 1616 603 exempla
1628 557 1747 586 com-

94 600 316 660 miserint)
350 615 492 648 totum
515 601 751 647 exercitum
777 619 928 667 magna
960 596 1211 669 dispositum
1245 603 1421 669 planitie
1449 607 1506 652 ita
1538 607 1744 657 allocutus

93 671 201 719 fuit:

163 742 292 806 Pulsis
308 739 490 787 Tartarbs
511 778 524 799 ,
562 741 686 805 vestra
704 758 762 786 me
789 741 954 804 bellicosa
962 743 1168 805 strenuitas
1203 747 1469 805 Imperatorem
1496 746 1592 792 orlw's
1601 747 1739 808 faciet.
1761 766 1912 810 conjugi„

97 812 185 859 Sed
192 812 367 876 majorem
389 810 497 857 vobis
503 823 633 872 precor
646 846 658 868 3
691 828 802 876 quam
818 811 991 858 hammus
1011 813 1212 877 ostendfiia
1230 850 1242 870 ,
1263 814 1507 861 alacritatem.
1545 815 1635 877 Ipse
1654 833 1717 881 ego
1729 852 1741 874 ,
1759 803 1886 881 {³¹2¹ngss

95 882 219 944 nostis,
216 880 433 946 sexaginta
446 893 597 945 argento
606 881 864 944 plencvsfluvio
873 880 1013 946 Kiang
1025 917 1038 940 ,
1047 882 1236 945 submersi
1248 883 1550 948 navessfingulis
1560 920 1572 942 3
1583 889 1743 947 Imperio
1803 860 1812 891 1
1889 874 1898 882 ’

97 964 342 1015 expugnato,
357 949 431 1010 fua
446 952 566 1010 portio
574 948 820 1014 dfiribuetur.
857 953 890 997 S
893 952 944 996 ed
954 950 1114 1013 firminae
1122 954 1158 996 in
1167 952 1300 1016 hostem
1321 952 1491 997 euntibus
1503 955 1742 1015 impedimen-

95 1032 133 1066 to
151 1032 286 1077 erunt3
310 1022 464 1084 quisque
474 1019 566 1080 fictu
575 1020 731 1065 occidat.
768 1019 1050 1083 Rerumpotitis
1068 1039 1135 1067 non
1150 1024 1250 1083 copia
1273 1022 1738 1083 pulcherrimmwmdeerit.

96 1090 291 1150 Exemplo
314 1106 390 1133 meo
400 1089 494 1152 quid
504 1087 635 1149 facere
653 1088 846 1147 debeam,
871 1091 1068 1150 ostendam.
1103 1092 1187 1136 Vix
1203 1108 1251 1137 ea
1270 1088 1378 1136 fatus
1393 1108 1447 1137 ex
1465 1105 1742 1140 trecentarum

90 1156 468 1223 pulcherrimarum
483 1155 818 1203 concubinarum
831 1193 842 1213 ,
868 1159 1017 1223 viginti
1030 1171 1193 1205 tantum
1205 1197 1217 1215 ‚
1234 1177 1328 1223 quae
1338 1160 1468 1206 tribus
1479 1161 1652 1226 Reginis
1664 1159 1742 1208 suis

93 1228 340 1274 inservirent
356 1264 370 1284 ,
404 1228 520 1272 vivas
539 1224 715 1273 servavit
739 1245 748 1270 :
786 1239 950 1273 caeteras
974 1228 1134 1274 cunetis
1152 1228 1432 1292 speftantibus
1455 1230 1595 1276 occidi
1612 1229 1739 1289 juffit.

89 1296 252 1345 Milites
265 1295 402 1342 Ducis
417 1294 477 1342 sui
493 1295 622 1343 secuti
634 1295 884 1360 exemplum
896 1333 908 1355 ,
932 1299 976 1344 8<
990 1295 1068 1362 ipsi
1076 1297 1314 1362 promiscua
1331 1296 1444 1345 caede
1468 1300 1511 1344 in
1523 1298 1741 1347 imbellem

89 1367 237 1414 sexum
256 1366 490 1412 saevierunt.
1257 1424 1258 1427 Ἴ

157 1438 275 1482 Cum
295 1435 485 1481 civitates
506 1435 679 1482 Suchuen
697 1428 881 1482 caedibus
904 1433 1174 1492 exhausisset,
1203 1436 1244 1481 in
1271 1434 1356 1500 ipsa
1373 1433 1552 1483 :edificia
1578 1436 1738 1485 rabiem
1757 1455 1900 1488 Interim&

88 1505 314 1552 convertit.
350 1502 514 1550 Urbem
527 1505 684 1570 Chitgtu
699 1506 744 1551 8<
758 1503 963 1551 Palatium
975 1506 1200 1570 proprium
1210 1503 1453 1563 combussit3
1467 1503 1637 1553 arbores
1647 1507 1671 1553 s
1664 1525 1736 1554 uc-
1755 1497 1875 1578 ’ξῖιῇζξω

87 1574 210 1635 cidit,
224 1573 324 1620 inde
334 1573 470 1638 copiis
489 1572 691 1632 divifis,fi
703 1575 777 1639 qui
795 1574 1019 1622 hominum
1030 1573 1209 1639 stragem
1227 1572 1464 1633 evasissem,
1486 1574 1625 1621 occidi
1637 1594 1709 1624 eos
1726 1614 1739 1637 a
1817 1568 1825 1577 k

89 1642 207 1691 velut
226 1641 323 1707 post
342 1641 515 1689 messem
532 1642 807 1709 specilegium
820 1682 834 1703 ,
859 1642 986 1703 jussit.
1020 1646 1176 1708 Neque
1187 1645 1367 1708 proprio
1378 1640 1737 1708 parcebatmiliti‚

88 1728 222 1776 quem
239 1711 323 1759 sive
338 1712 578 1778 promptius
589 1748 602 1771 ,
625 1710 710 1759 five
724 1711 881 1760 morbo
899 1726 972 1760 aut
990 1710 1147 1759 desidia
1158 1712 1224 1759 vel
1237 1713 1321 1760 alio
1333 1712 1644 1778 impedimento
1656 1728 1739 1763 tar.

87 1782 183 1830 dius
190 1783 431 1829 exercitum
441 1784 697 1847 praeiret,aut
709 1781 1106 1847 sequeretur,statim
1115 1784 1252 1830 necari
1264 1781 1392 1843 juffit,
1401 1799 1612 1848 aegrorum
1620 1801 1736 1833 mor-

88 1864 177 1899 tem
196 1851 274 1899 hac
284 1850 546 1903 humanitate
555 1851 672 1917 quasi
681 1851 903 1912 excusam,
919 1851 1040 1916 quod
1052 1852 1096 1899 in
1113 1849 1308 1899 desolatis
1326 1853 1429 1900 locis
1440 1850 1570 1901 reliffl
1585 1892 1599 1913 ,
1621 1853 1736 1902 unde

89 1922 294 1979 viverent,
309 1934 383 1968 aut
391 1935 651 1981 curarentur,
662 1939 752 1968 non
762 1921 995 1986 supereffet.
1017 1924 1252 1979 Innumera,
1267 1919 1530 1968 incredibilia
1544 1921 1736 1970 immanis

85 1989 236 2037 furoris
255 1989 441 2037 facinora
455 1991 524 2038 hic
544 1992 771 2055 Tyrannus
789 1992 992 2054 patravit,
1025 1990 1163 2037 donec
1187 1990 1357 2047 tandem
1384 1990 1531 2056 &ipse
1548 1990 1733 2039 sublatus

85 2058 235 2106 orbem
248 2059 438 2106 Sinicum
457 2073 572 2107 tanta
584 2061 772 2125 pernicie
785 2057 991 2107 liberavit.

153 2133 434 2193 Amavangua,
456 2128 600 2176 audita
614 2129 785 2176 latronis
801 2130 846 2175 in
865 2130 1033 2196 Xenfin
1052 2129 1288 2193 irruptione
1302 2169 1314 2188 ‚
1333 2130 1526 2193 quinque
1535 2131 1730 2193 equitum

84 2196 215 2243 millia
229 2197 319 2256 ejus
338 2195 520 2244 sistendo
529 2197 662 2244 furori
681 2197 888 2262 praemifit.
924 2199 1132 2260 Qinque
1142 2214 1293 2262 agmen
1313 2200 1650 2261 eqtiite3‚pacem
1659 2212 1732 2245 aut

83 2264 248 2313 bellum
265 2266 478 2331 rogaturi,
499 2283 618 2313 more
640 2267 862 2313 Tartarico
885 2265 1194 2332 praecedebant.
1233 2265 1537 2330 Exploratores
1560 2264 1734 2314 latronis

83 2335 512 2383 Tartarosimminere
529 2334 966 2400 trepidinunciabant.
1000 2336 1217 2381 Caeterum
1237 2335 1324 2399 ipse
1334 2334 1493 2381 ridens:
1518 2336 1728 2400 anhostium

81 2408 201 2467 copiaa
216 2409 344 2453 avium
355 2423 451 2451 more
470 2406 650 2452 advolare
671 2406 863 2452 crederent
876 2443 889 2464 ,
910 2403 1101 2468 rogabat.
1137 2406 1253 2450 Cum
1273 2421 1373 2451 vero
1393 2405 1437 2450 8<
1457 2404 1527 2451 alii
1549 2405 1726 2454 Ducum

81 2473 247 2521 hostem
262 2476 304 2521 in
324 2474 477 2520 vicinia
491 2472 813 2533 confirmarent,
830 2488 878 2521 ut
886 2489 1068 2536 corpore
1079 2474 1246 2520 inermis
1257 2487 1343 2520 erat
1354 2511 1367 2531 ‚
1384 2472 1543 2537 absque
1554 2472 1724 2521 thorace

82 2543 254 2610 &galea
266 2583 281 2604 ,
307 2542 463 2590 hastam
481 2560 609 2590 manu
625 2555 770 2590 tenens
783 2582 796 2603 ,
831 2535 1018 2591 tentorio
1033 2541 1329 2606 exploraturus
1351 2543 1526 2589 excessit
1540 2577 1552 2597 ,
1583 2560 1630 2590 ac
1649 2544 1724 2589 vix

81 2613 259 2677 egressus
277 2652 290 2672 ‚
324 2614 367 2659 in
385 2614 577 2677 quinque
599 2612 692 2658 illos
710 2613 909 2658 Tartaros
932 2609 1094 2657 incidit.
1144 2611 1278 2658 Prima
1295 2611 1439 2676 sagitta
1457 2625 1532 2658 cor
1549 2610 1722 2659 latronis
1739 2632 1859 2674 Tyran«

82 2680 280 2728 confodit
291 2695 441 2747 ,atque
460 2684 517 2728 ita
531 2694 756 2728 momento
778 2679 864 2727 sine
874 2678 1022 2744 praelio
1032 2683 1180 2744 periit,
1204 2681 1276 2743 qui
1302 2682 1380 2726 toti
1402 2679 1585 2737 Sinae‚&
1596 2679 1626 2726 fi
1639 2699 1720 2746 po-
1736 2675 1880 2748 3¹:⁵12?de

83 2749 243 2808 tuiffet,
266 2750 361 2796 orbi
371 2754 535 2799 ruinam
545 2749 813 2799 moliebatur.
850 2751 992 2796 Totus
1006 2747 1096 2807 ejus
1117 2748 1345 2806 exercitus,
1364 2750 1490 2795 Duce
1499 2747 1687 2808 sublato,
1700 2748 1723 2795 a
1816 2752 1825 2759 ”

83 2819 269 2865 Tartaris
289 2819 477 2868 concisus
492 2820 589 2877 fuit,
606 2817 892 2883 superstitibus
907 2836 982 2884 per
995 2819 1181 2875 Suchuen,
1192 2816 1316 2874 hujus
1330 2817 1502 2865 latronis
1512 2817 1725 2869 intentum

84 2886 188 2935 festa
212 2889 474 2936 solemnitate
489 2892 535 2938 &
553 2890 752 2936 Tartaros
768 2900 969 2952 tanquam
984 2887 1226 2934 liberatores
1237 2886 1351 2946 suos,
1370 2885 1569 2936 immensa
1584 2886 1727 2936 laetitia

83 2955 407 3005 celebrantibus.
441 2958 522 3004 Sed
538 2957 651 3005 haud
665 2956 907 3022 prosperior
916 2956 1120 3002 Tartarici
1133 2954 1289 3013 Ducis,
1312 2959 1385 3021 qui
1403 2960 1627 3022 Amavangi
1642 2956 1723 3004 fra⁶

86 3042 150 3074 ter
165 3025 439 3085 erat‚sortuna
453 3024 544 3076 fuit,
563 3033 818 3091 Anzavngus
833 3025 990 3091 frigore
1001 3025 1047 3070 &
1057 3026 1159 3071 aeris
1170 3025 1435 3076 inclementia
1450 3026 1588 3091 plures
1599 3041 1729 3092 quam

86 3093 236 3161 praeliis
246 3094 408 3146 amiffos
419 3093 571 3144 milites
580 3094 710 3153 fratri,
726 3107 1023 3160 argumentum
1036 3093 1223 3158 segnitiei
1229 3092 1320 3156 ,obj
1328 3092 1496 3153 iciebat3
1510 3108 1622 3146 tanta
1633 3109 1732 3142 cum

1043 3180 1071 3228 y
1109 3179 1135 3208 ‘a
1329 3180 1334 3188 ·
1655 3176 1734 3211 ira«
