2114 3412
398 157 462 216 ad
472 157 781 241 Magnum
797 154 1051 216 Tartariae
1067 157 1288 238 Sinaeque
1304 153 1559 233 [hamum.
1698 175 1792 224 145

143 266 197 313 ab
209 282 262 311 eo
274 265 423 328 Legati
436 263 588 327 paucis,
602 260 671 308 sed
684 260 855 306 honoris
865 259 1022 318 verbis3
1036 274 1140 306 mox
1148 258 1303 326 Jesuita
1316 261 1526 307 Oratione
1539 259 1794 305 Germanica

142 331 292 398 (cujus
309 345 521 396 promtam
545 330 682 376 adhuc
696 346 769 375 ore
791 328 1004 393 loquelam
1020 326 1239 391 jaffiabat)
1260 346 1332 374 eos
1353 327 1578 382 allocutus,
1599 327 1727 375 multa
1739 328 1795 374 de

140 400 475 456 AmstelodamO,
486 398 660 463 ejusque
672 396 883 444 nonnullis
890 396 1176 462 civibus‚quos
1188 396 1453 450 nominabat,
1463 399 1660 463 rogitans.
1694 399 1795 443 Ma

95 489 100 496 ··
143 473 218 519 dio
229 471 428 534 tempoJis
440 468 682 515 Mandarini
695 468 946 530 Kantonenses
957 500 970 521 ,
999 468 1043 513 8(
1066 465 1152 531 ipse
1170 467 1382 512 Pinxcfntou
1394 503 1406 525 ,
1427 467 1541 512 dona
1552 465 1796 530 bajulorum

143 539 266 588 instar
281 538 430 585 sudore
446 536 704 590 diffluentes,
724 534 962 582 inserebant
974 571 986 594 ,
1005 535 1127 582 nobis
1149 536 1262 582 haud
1283 552 1431 598 parum
1444 533 1538 582 vilia
1552 533 1711 581 servitia
1723 553 1794 580 εο-

142 625 234 656 rum
248 605 503 661 mirantibus.
540 605 683 652 Praeses
692 603 850 670 singula
862 604 947 668 ipse
967 603 1036 650 sua
1051 620 1178 650 manu
1189 622 1241 650 ex
1255 603 1360 649 cistis
1375 605 1630 668 depromens
1641 636 1653 655 ,
1665 605 1795 660 unde,

141 679 207 724 cui
219 676 338 723 bono
350 712 361 734 ,
371 674 443 721 ubi
456 689 567 722 emta
579 673 810 732 ,c011fe&a,
822 675 874 720 8(
884 672 998 719 locus
1008 706 1021 726 ‚
1042 687 1248 737 quantum
1263 672 1428 736 Peltmga
1440 670 1666 718 Hollandia
1677 670 1796 718 disla-

143 760 218 804 ret,
230 743 529 810 interrogabat.
562 747 768 808 Interpres
780 741 817 802 ej
824 741 1025 810 usJesuita
1035 740 1156 788 Adam
1166 755 1269 800 erat,
1286 743 1358 806 qui
1370 735 1524 807 Ungula
1537 740 1610 787 suo
1620 757 1794 805 quoque

141 814 382 862 testimonio
396 812 686 859 confirmabat.
699 814 882 867 Qoties
892 812 969 858 rari
981 810 1084 875 quid
1096 813 1141 858 8(
1152 813 1309 876 egregii
1318 828 1494 875 exprom
1500 807 1795 863 ebatur-,altum

138 883 311 948 petitore
320 881 534 947 suspirium
547 883 675 932 Adam
685 880 918 928 emittebat.
937 883 1140 943 Cumque
1152 879 1295 927 Praeses
1306 880 1489 944 pretium
1501 880 1647 945 organi
1664 896 1796 942 pneu-

142 953 281 999 matici
291 988 304 1011 ,
318 950 416 999 scire
426 966 600 1014 cuperet
610 984 623 1005 2
642 950 786 996 nostris
796 962 1002 1014 quantum
1023 947 1317 996 aestimarentur
1327 947 1676 1012 respondentibus
1686 981 1698 1001 ,
1715 950 1798 1009 pulae

142 1021 316 1068 cherrima
344 1019 412 1084 effi?
427 1057 437 1079 ³
456 1020 565 1066 dixit
586 1052 599 1073 ,
623 1021 665 1065 δεῖ
681 1020 800 1083 juxta
828 1035 910 1065 cum
936 1021 1043 1064 armis
1061 1053 1074 1074 ,
1096 1019 1274 1080 epphippio
1295 1053 1307 1076 ‚
1327 1018 1468 1079 fitccino
1488 1055 1500 1075 ,
1523 1017 1661 1063 corallis
1682 1018 1793 1064 rubri>-

138 1092 354 1154 praecipuam
375 1088 474 1152 apud
493 1090 704 1154 Magnum
716 1086 931 1134 Chamum
940 1091 1103 1151 guaiam
1122 1085 1302 1132 habitura.
1338 1087 1558 1151 Qicquid
1571 1085 1796 1150 responde--

142 1159 245 1206 bant
257 1160 427 1225 Legati,
439 1157 482 1204 id
494 1173 624 1207 omne
635 1155 833 1203 aduobus
842 1155 1103 1203 Mandarinis
1113 1154 1320 1202 verbatim
1336 1154 1500 1202 summo
1512 1154 1650 1200 studio
1661 1154 1796 1201 consi-

145 1226 366 1295 gnabatur.

212 1301 323 1352 Qae
334 1297 504 1344 dumita
520 1309 737 1364 geruntur,
745 1299 979 1362 Imperator
990 1295 1108 1342 misso
1129 1296 1171 1341 in
1186 1293 1567 1342 Senatum'decreto
1579 1329 1591 1349 ,
1615 1293 1797 1341 Adamum

142 1365 317 1413 scribere
325 1364 438 1427 jussit
452 1403 464 1423 ‚
485 1380 534 1412 ut
546 1384 595 1412 ea
608 1365 744 1413 adhuc
754 1365 923 1430 vespera
943 1363 1016 1411 sibi
1030 1363 1330 1411 exhiberentur
1342 1400 1353 1422 ‚
1375 1361 1579 1410 Hollandi
1591 1379 1714 1410 terras
1725 1362 1800 1408 ha-

140 1434 289 1482 berent
302 1469 315 1489 ,
332 1453 467 1482 necne
481 1472 495 1492 ,
522 1436 567 1482 8(
578 1432 651 1480 ubi
663 1452 710 1481 ac
720 1448 928 1499 quantum
940 1435 1125 1497 Imperio
1136 1431 1210 1478 suo
1228 1431 1379 1479 dissitas
1390 1468 1401 1489 ‚
1419 1446 1509 1478 tum
1521 1450 1677 1479 nomen
1692 1430 1799 1478 Hol-

142 1503 295 1550 landici
311 1505 442 1549 Princi
451 1505 524 1567 piS,
534 1520 581 1549 ac
591 1519 685 1566 quae
695 1501 960 1567 Reipublicae
971 1499 1232 1549 Hollandicae
1241 1503 1451 1566 regiminis
1462 1500 1596 1548 forma
1608 1502 1718 1548 esset.

213 1573 356 1619 Adam
373 1572 472 1618 inde
481 1571 591 1633 juffu
606 1570 784 1617 Praesidis
795 1571 850 1618 de
864 1572 1062 1633 Principis
1071 1570 1240 1617 Auriaci
1254 1604 1268 1624 ‚
1289 1573 1334 1618 8(
1357 1568 1687 1617 Cclssffimorum
1702 1572 1803 1615 Prae-

145 1642 476 1708 potentiumque
488 1641 707 1688 Ordinum
722 1639 931 1687 Foederati
945 1639 1077 1705 Belgii
1093 1638 1198 1686 statu
1209 1640 1403 1703 quaedam
1414 1656 1511 1685 cum
1523 1637 1805 1704 inquisivisset,

146 1711 328 1775 Legati-2,
339 1710 459 1775 quod
469 1728 530 1757 res
542 1723 644 1765 erat,
654 1707 1005 1774 respondentibus
1015 1745 1026 1768 ,
1035 1707 1203 1773 prolixo
1215 1710 1357 1755 omnia
1369 1708 1521 1772 scripto
1531 1708 1809 1772 comprehen-

149 1780 310 1837 dens‚in
323 1797 413 1843 quo
423 1778 554 1825 multa
564 1776 658 1825 falsa
669 1777 905 1843 alienaque,
913 1780 1021 1825 inter
1032 1777 1122 1837 alia,
1133 1781 1193 1825 H
1193 1777 1385 1824 ollandimn
1395 1777 1510 1822 adhuc
1524 1777 1811 1843 Hssmnicijmis·

149 1850 221 1913 ‘ff'
231 1884 242 1906 ‚
261 1849 313 1895 ad
334 1848 520 1895 Adimmn
544 1846 764 1894 conversus
786 1845 929 1894 dicens
938 1885 952 1906 ,
973 1860 1007 1893 te
1021 1848 1111 1907 scire
1135 1850 1197 1894 H
1196 1846 1357 1893 ollandos
1368 1849 1552 1909 propriam
1561 1846 1738 1911 suamque
1757 1861 1812 1889 re·-

140 1919 283 1983 gionem
294 1917 424 1962 hahere
440 1952 451 1974 ‚
470 1917 494 1962 a*
507 1932 571 1962 tua
588 1916 690 1963 hand
701 1918 826 1978 procul
834 1916 1028 1980 dstantem
1038 1918 1182 1978 patria,
1208 1918 1250 1961 C&
1262 1915 1433 1979 quomodo
1450 1916 1510 1962 illa
1522 1928 1690 1979 agatur:
1710 1929 1812 1976 teque

148 1989 274 2051 linguae
287 2003 406 2032 eorum
421 1989 585 2047 peritiam
597 1985 772 2047 haberefit
804 1987 876 2034 icit.
914 1986 1112 2032 Tertium
1124 1982 1391 2032 transcribere
1400 1978 1616 2047 exemplar
1625 1986 1670 2030 8(
1683 1983 1811 2029 sc0m2

82 2099 85 2102 .
152 2069 263 2102 mata
273 2053 411 2102 delere
420 2055 546 2116 jussus
557 2093 571 2113 ‚
584 2069 704 2102 aetate
712 2052 872 2102 debiles
881 2053 1025 2100 oculos
1036 2053 1236 2100 obtendit
1248 2075 1261 2111 3
1281 2053 1397 2099 unde
1407 2054 1428 2099 a
1439 2052 1599 2099 famulo
1608 2053 1696 2116 ejus
1704 2066 1813 2099 tran-

150 2124 358 2189 scriptum,
368 2123 485 2187 quod
496 2141 593 2170 cum
604 2122 890 2171 Cancellarius
901 2123 1121 2189 probasset,
1131 2140 1259 2169 manu
1272 2120 1337 2168 sua
1350 2121 1556 2187 signatum
1568 2120 1817 2186 Imperatori

151 2211 248 2240 cum
274 2189 526 2239 munusculis
546 2191 796 2256 quibusdam
819 2192 955 2240 statim
976 2191 1206 2240 transmisit.
1233 2192 1358 2237 Dum
1372 2184 1523 2238 S‘cribae
1542 2204 1817 2255 occupantur,

152 2261 298 2309 Praeses
311 2259 394 2309 sive
405 2260 689 2308 Cancellarius
703 2259 880 2308 laridum
904 2260 1039 2308 afferri
1050 2261 1165 2324 jussit
1176 2299 1188 2318 ,
1204 2260 1322 2324 quod
1336 2260 1597 2324 pinguedine
1610 2262 1654 2305 8(
1667 2274 1817 2304 cruore

152 2349 227 2397 per
237 2349 283 2378 os
295 2328 524 2394 manusque
536 2329 757 2377 diffluente
768 2328 1070 2393 (semicrudum
1085 2332 1129 2376 8(
1140 2328 1228 2375 fere
1242 2327 1453 2374 incofium
1468 2327 1579 2390 erat)
1588 2326 1818 2374 avidissime

152 2417 248 2447 cum
267 2401 421 2446 caeteris
441 2402 667 2446 Procerum
690 2401 1007 2445 Tartaricorum
1020 2397 1207 2444 vorabat.
1242 2398 1341 2440 Hoc
1361 2396 1576 2457 jentaculo
1586 2413 1684 2443 cum
1699 2413 1819 2442 ruen-

154 2482 242 2515 tem
262 2468 520 2516 stomachum
544 2466 764 2515 fulcivisset
778 2503 791 2525 ‚
813 2466 903 2514 filio
924 2466 1128 2530 Kokkomts
1150 2465 1324 2513 nomine
1335 2467 1515 2512 Senioris
1524 2468 1708 2527 Kantonae
1722 2467 1820 2510 Pro—

155 2539 285 2604 regis,
306 2540 379 2602 qui
401 2539 445 2584 in
458 2536 550 2584 aula
564 2534 942 2595 morabatur,juffit
956 2573 968 2595 ,
984 2553 1111 2582 ovem
1126 2553 1391 2600 porcumque
1406 2535 1430 2581 ὲ
1448 2533 1625 2600 vestigio
1637 2533 1688 2579 ad
1700 2550 1820 2597 pran—

157 2605 274 2652 dium
294 2608 463 2674 Legatis
484 2605 746 2672 excipiendis
771 2617 946 2668 pararet.
992 2605 1129 2659 Qod
1141 2618 1254 2652 tanta
1263 2603 1475 2652 celeritate
1486 2603 1641 2651 saffrum
1654 2638 1666 2660 ‚
1682 2616 1730 2648 ut
1747 2603 1819 2648 vix

158 2673 391 2724 semicoffcas
410 2693 551 2723 carnes
575 2673 723 2722 mensae
749 2673 875 2720 illatas
895 2674 983 2738 pari
1013 2675 1206 2738 appetitu
1226 2671 1509 2721 Cancellarius
1528 2671 1820 2734 Tartaricique

160 2745 381 2805 Magnates
401 2743 653 2810 deglutirent
667 2780 678 2802 ,
707 2744 877 2810 Legatis
888 2742 1065 2806 ipsoque
1082 2743 1227 2789 Adamo
1246 2742 1368 2806 (nam
1382 2743 1426 2788 8(
1439 2742 1469 2786 is
1482 2741 1683 2787 convivio
1695 2740 1820 2786 inter-

158 2809 270 2872 erat)
291 2810 379 2857 solo
390 2810 555 2877 aspeEm
568 2811 825 2860 comedendi
836 2810 1087 2858 defiderium
1101 2811 1375 2874 perdentibus
1388 2831 1400 2868 3
1421 2826 1510 2855 non
1522 2809 1682 2855 assuetis
1692 2809 1820 2855 cruda

163 2878 360 2941 Scythico
379 2898 497 2928 more
516 2874 652 2945 pasci}
676 2882 797 2946 quod
808 2899 862 2927 ex
874 2879 980 2926 facie
992 2880 1223 2942 conjiciens
1237 2879 1379 2925 Praeses
1389 2876 1506 2931 ,tolli
1517 2876 1708 2943 reliquias
1716 2876 1821 2942 sapi-

163 2946 315 2994 dissimi
337 2947 420 2994 cibi
441 2951 485 2996 8(
505 2950 556 2996 ad
575 2950 681 2997 aedes
703 2953 964 3017 Legatorum
985 2948 1139 2996 deferri
1159 2946 1378 2995 lautiarum
1392 2945 1632 3009 locojussit,
1654 2947 1821 3012 apposi-

162 3014 507 3081 tisquefruffibus
527 3019 573 3065 &
593 3018 771 3067 bellariis
793 3016 1096 3086 elegantissimo
1106 3017 1537 3064 convivioTartarico
1551 3015 1643 3063 finis
1657 3015 1824 3080 imposi-

163 3098 227 3132 tus
243 3084 334 3133 fuit.

1121 3154 1165 3198 T
1700 3150 1829 3201 ssddm
