2114 3412
304 174 414 225 150
444 197 446 200 ψ
672 152 811 209 Pars
829 149 971 205 tertia
991 145 1270 231 Legationis
1291 147 1553 206 Batavicae

301 257 419 304 suum
430 254 653 301 admittere
669 251 920 299 decreverat.
961 253 1206 316 Antequam
1220 251 1376 298 veroid
1391 251 1511 299 fieret
1523 285 1536 305 ‚
1551 252 1593 297 in
1610 249 1739 316 prisca
1751 249 1843 298 aula
1855 286 1868 308 ,
1889 250 1965 298 ubi

117 318 286 390 ᾒῖξζξζζξι
305 324 568 389 Imperatoris
581 319 757 387 sigillum
768 318 1016 379 custoditur,
1024 321 1301 367 reverentiam
1315 322 1354 367 ei
1367 319 1572 368 exhibere
1581 320 1966 368 tenebanturNam

117 385 287 448 figJHOMaf
303 408 351 441 ut
364 389 553 439 Sinenses
572 389 834 448 referebant,
855 407 953 436 cum
977 388 1182 436 Palatium
1203 387 1306 436 illud
1326 392 1587 456 Imperatore
1612 388 1832 446 vetustius,
1850 392 1896 437 8(
1912 389 1968 437 ab

114 453 165 484 gm
175 444 198 472 C
198 441 276 471 hamt

118 483 274 515 exhibent,
303 462 394 527 ipso
405 459 518 509 coelo
528 458 707 507 electum
720 457 1010 523 sacratumque
1020 456 1067 505 sit
1079 491 1093 512 ,
1112 458 1210 504 huic
1230 459 1390 523 primos
1410 457 1469 505 illi
1491 460 1673 506 honores
1685 458 1855 518 deberi3
1878 477 1926 506 ac
1937 457 1967 505 fi

302 534 394 597 quis
415 530 513 577 huic
535 528 574 577 sc
596 527 893 576 consuetudini
907 531 1167 595 Legatorum
1187 542 1430 574 exterorum
1452 545 1540 575 non
1556 527 1867 575 accommodet.
1901 531 1968 575 In-

303 601 468 649 auditus
478 597 717 664 spretusque
729 598 867 662 ‚quod
880 600 1048 664 Legato
1057 596 1233 643 Rustico
1243 598 1414 655 accidit,
1432 597 1545 644 unde
1554 599 1672 644 venit
1683 633 1694 655 ,
1713 599 1964 656 remittitur3

303 673 419 718 Nam
431 672 462 716 is
471 683 617 716 contra
636 669 748 724 Czari
765 667 825 714 sui
844 664 1111 727 Majestatem
1132 666 1177 713 id
1198 665 1278 712 esse
1293 665 1545 724 existimans,
1555 665 1773 712 abnuerat.
1808 668 1968 732 Neque

304 738 525 806 quisquam
537 740 796 803 Magnarum
813 750 911 784 ante
922 739 1220 799 Imperatorem
1232 734 1345 781 adire
1354 734 1505 799 potest,
1514 752 1641 795 quam
1654 735 1730 781 hae
1740 737 1969 782 cerimonia

304 806 548 874 perfunfius
559 805 607 854 (it
617 842 628 864 ,
649 807 693 853 8(
706 807 827 870 quod
846 807 1104 870 praecipuum
1115 840 1127 863 ,
1144 801 1243 868 ipse,
1254 817 1482 869 antequam
1494 806 1680 868 Imperio
1691 806 1972 870 inaugeretur,

305 882 475 942 Nsagmts
492 877 645 923 Clmnus
665 873 704 921 se
728 876 796 922 hic
818 873 1016 921 inclinare
1034 887 1214 920 tenetur.
1250 873 1421 921 Triduo
1439 888 1535 921 ante
1556 872 1774 920 solennem
1795 874 1969 921 audien-

304 948 407 994 tiam
429 945 515 991 haec
525 943 748 991 solennitas
759 942 924 1007 perazsta
935 941 1029 990 fuit.

376 1012 590 1077 Vigesima
601 1012 782 1060 secunda
800 1015 1094 1059 Procuratores
1105 1014 1338 1079 Proregum
1351 1011 1644 1078 Iantonensz’um
1665 1029 1762 1059 eum
1784 1010 1971 1058 Manda-

305 1085 403 1131 rinis
422 1085 654 1129 Pitzxentouo
674 1079 868 1147 aliisque,
891 1084 936 1129 8(
955 1080 1085 1128 tribus
1105 1081 1370 1129 Do&oribus
1391 1081 1650 1134 Sinensibus,
1675 1098 1754 1128 nec
1771 1098 1860 1127 non
1876 1082 1981 1145 Ma?

304 1167 481 1220 gnatum
503 1148 740 1204 nonnullis,
762 1150 939 1199 trabeati
960 1167 1107 1197 omnes
1122 1186 1134 1208 ,
1154 1151 1364 1215 quadratis
1384 1153 1426 1198 in
1447 1151 1619 1216 pec'tore
1641 1153 1685 1198 8(
1709 1165 1973 1218 tergoopere

305 1218 593 1287 Phrygionico
603 1218 782 1285 insignes
791 1218 1104 1267 charafieribus.
1117 1222 1174 1266 Hi
1185 1237 1347 1285 pompa
1358 1219 1519 1267 solenni
1531 1223 1727 1285 Legatos,
1736 1237 1973 1284 eorumque

303 1285 575 1338 Comitatum
597 1291 641 1335 in
659 1290 878 1354 antiquam
896 1287 1034 1336 aulam
1049 1326 1061 1347 ‚
1085 1288 1360 1336 Bibliothecae
1384 1288 1452 1337 vel
1464 1288 1917 1336 Acade1niaestru5mra
1929 1286 1976 1334 si-

303 1359 447 1407 milem
459 1357 483 1424 <
485 1376 582 1406 nam
595 1360 747 1425 togatis
765 1357 991 1406 &librariis
1001 1360 1142 1404 omnia
1156 1355 1451 1423 replebantur)
1463 1358 1668 1406 dedufios
1689 1375 1916 1423 parumper
1929 1360 1976 1405 in

303 1427 453 1476 cellula
468 1442 583 1475 extra
593 1427 761 1474 turbam
771 1425 988 1475 considere
995 1426 1201 1491 jusserunt
1214 1449 1227 1486 3
1251 1427 1351 1474 inde
1363 1430 1406 1474 in
1418 1428 1604 1474 mediam
1616 1445 1766 1486 aream,
1776 1426 1852 1473 sub
1864 1444 1975 1492 puro

302 1496 415 1546 coelo
427 1534 439 1556 ,
458 1499 615 1564 exigua
633 1495 830 1544 cathedra
851 1495 985 1544 clausa
1000 1515 1075 1561 per
1085 1497 1298 1561 porticum
1308 1514 1505 1562 pergere,
1528 1499 1573 1544 8(
1591 1509 1654 1543 ter
1664 1513 1817 1562 eorpus
1838 1498 1974 1543 incur-

303 1583 416 1625 vare,
424 1584 532 1631 capu
538 1580 639 1631 tque
650 1580 801 1613 terram
815 1564 951 1613 versus
970 1563 1171 1613 inclinare
1184 1565 1236 1612 ad
1249 1568 1450 1630 praeconis
1460 1565 1688 1614 clamorem
1697 1565 1793 1629 jussi
1804 1564 1972 1613 fuimus.

120 1645 283 1697 solitasce-
300 1638 415 1683 Mox
427 1653 564 1701 praeco
573 1633 799 1683 inclamare
809 1634 988 1696 Kasclmn
999 1668 1011 1688 ,
1031 1633 1075 1681 id
1087 1632 1162 1693 est,
1172 1636 1220 1681 D
1234 1653 1258 1680 E
1270 1651 1299 1681 U
1316 1653 1333 1681 s
1359 1640 1658 1701 Imperatorem
1671 1633 1780 1681 misit
1794 1653 1802 1680 ε
1820 1636 1974 1681 iterum

119 1699 281 1764 ζῖῗζῗῗζῗῑ
312 1708 424 1769 Qe,
436 1707 477 1751 in
490 1722 629 1772 genua
641 1703 971 1769 procumbite,&
983 1703 1170 1768 denique
1182 1703 1329 1765 Kanto,
1338 1719 1467 1770 caput
1475 1704 1631 1752 flecftite
1642 1706 1687 1751 8(
1699 1702 1949 1770 I(ee,surgite
1961 1722 1972 1748 ε

305 1775 435 1840 idque
448 1776 618 1822 tertium
629 1775 811 1839 repetiit.
847 1775 967 1820 Tum
979 1790 1087 1821 voce
1098 1775 1197 1836 Koe,
1208 1773 1260 1820 ad
1273 1772 1377 1821 latus
1386 1774 1570 1822 recedite
1582 1810 1594 1832 ,
1605 1772 1868 1820 discessimus.

370 1845 485 1890 Huic
508 1843 745 1890 solennitati
773 1842 938 1908 aliquot
965 1844 1162 1889 centuriae
1187 1842 1433 1890 Do&0rum
1459 1841 1692 1891 Sinensium
1714 1841 1943 1889 interfuere
1957 1865 1970 1901 3

304 1930 387 1978 qua
408 1911 558 1959 leviter
575 1911 737 1976 peracta
757 1913 908 1977 Legati
932 1914 976 1958 in
997 1910 1200 1976 palatium
1214 1911 1335 1959 suum
1346 1924 1619 1960 reverterunt.
1655 1911 1763 1957 Dies
1774 1909 1972 1976 vigefima

305 1983 452 2046 quinta
465 1980 647 2044 Augusti
661 1978 840 2043 publicae
852 1979 1073 2026 audientiae
1084 1982 1345 2044 Legatorum
1356 2017 1368 2039 ,
1378 1983 1516 2045 quain
1529 1978 1788 2044 praesentiam
1799 1997 1879 2025 con
1887 1977 1910 2025 s
1901 1998 1973 2044 pe-

306 2051 469 2114 &umq3
486 2049 750 2114 Imperatoris
759 2047 1322 2102 admitterentur‚constituta
1331 2047 1418 2110 jam
1430 2066 1566 2114 prope
1577 2047 1732 2105 aderat,
1741 2065 1839 2095 cum
1853 2065 1972 2097 novo

307 2120 548 2168 infortunio
567 2119 704 2163 omnis
724 2119 876 2163 iterum
899 2115 1142 2182 perturbata
1156 2119 1201 2164 8(
1214 2116 1392 2182 abrupta
1401 2117 1490 2183 spes
1510 2119 1589 2166 fuit
1611 2115 1746 2163 subita
1767 2120 1812 2165 8(
1834 2118 1974 2182 inopi-

307 2206 361 2235 na
370 2189 503 2237 fratris
511 2187 689 2250 junioris
705 2188 846 2250 Migm'
855 2187 978 2233 Chamz'
993 2199 1129 2232 morte
1138 2222 1149 2244 ,
1161 2189 1234 2250 qui
1247 2185 1426 2234 sedecim
1440 2189 1632 2251 Princeps
1642 2203 1848 2233 annorum
1861 2188 1974 2252 vige-

307 2255 407 2304 sima
417 2258 538 2303 tertia
549 2253 732 2321 Augusti
749 2255 865 2301 diem
877 2254 1119 2319 supremum
1131 2255 1261 2315 obiit,
1285 2258 1330 2303 8(
1348 2256 1523 2321 quidam
1545 2258 1633 2303 vim
1649 2252 1971 2320 suspicabantur.

309 2327 490 2391 Qippe
507 2324 666 2372 acribus
687 2341 784 2371 cum
807 2328 1064 2389 imperatore
1078 2324 1213 2371 verbis
1230 2325 1513 2384 contendens,
1531 2326 1589 2372 ira
1600 2322 1837 2386 exasperata
1848 2341 1901 2370 eo
1910 2323 1975 2371 fu-

307 2396 409 2442 -roris
420 2394 650 2459 prorupisse
659 2396 909 2459 Interpretes
927 2392 1175 2448 narrabant,
1193 2407 1241 2440 ut
1262 2396 1567 2460 Imperatorem
1579 2407 1750 2458 tangere
1759 2392 1974 2441 aususfue-

309 2466 378 2519 rit,
386 2463 504 2528 quod
517 2466 691 2509 Senatus
699 2465 859 2509 crimen
869 2476 1008 2509 morte
1021 2462 1226 2526 piandum
1243 2481 1341 2510 cum
1353 2462 1561 2516 censeret,
1581 2478 1750 2508 veneno
1763 2476 1970 2510 necatum.

311 2532 396 2580 Sed
419 2530 556 2596 plures
575 2530 744 2578 obitum
763 2532 852 2595 ejus
870 2532 1002 2578 amori
1022 2529 1288 2596 imputabant
1302 2568 1314 2591 ,
1334 2532 1453 2597 quod
1462 2529 1677 2593 separatam
1690 2530 1810 2576 aulam
1822 2564 1835 2584 ,
1849 2533 1977 2593 procul

311 2604 440 2648 matris
463 2604 506 2648 δῦ·
528 2600 758 2663 Ephororum
773 2618 859 2646 cum
880 2637 893 2658 ,
926 2599 1072 2646 haberet
1094 2636 1106 2659 ‚
1129 2604 1323 2666 Virginum
1340 2601 1494 2648 duarum
1513 2603 1623 2645 nimia
1637 2599 1887 2660 consuetudine
1907 2619 1975 2647 ex»

313 2671 462 2736 aestuans
467 2703 479 2723 ‚
490 2668 666 2735 laffifilue
676 2705 689 2727 ,
704 2669 797 2715 cordi
807 2668 1054 2734 refrigerando
1066 2673 1206 2715 vitrum
1216 2687 1312 2734 aqua
1315 2670 1461 2735 glaciali
1471 2667 1668 2730 improvide
1677 2668 1801 2730 lmtfio
1813 2704 1824 2726 ,
1833 2683 1974 2732 repente

314 2741 486 2785 extioezflis
494 2771 507 2792 ,
514 2735 704 2804 stipitifique
715 2742 818 2785 nimio
829 2742 942 2802 rigore
942 2736 1127 2800 spiritibus
1137 2739 1428 2802 vitamfiniiffet.
1457 2741 1738 2801 Qlaecunque
1749 2736 1868 2784 causa
1879 2737 1977 2785 obi-

314 2820 379 2853 tus
395 2805 521 2853 fuerit
534 2844 546 2865 ‚
568 2806 731 2854 constat
750 2810 1059 2871 Imperatorem
1083 2808 1244 2872 ingenti
1261 2823 1442 2854 moerore
1461 2819 1647 2852 extrema
1658 2806 1748 2868 ejus
1756 2807 1973 2871 accepisse,

315 2875 537 2938 prohibitis
545 2875 733 2940 alloquio
743 2874 1009 2924 familiarium
1021 2876 1178 2922 intimis
1188 2911 1200 2933 ‚
1222 2878 1267 2923 8(
1282 2874 1421 2922 edicio
1433 2876 1586 2921 caeteris
1597 2876 1767 2923 monitis
1784 2901 1796 2931 ,·
1822 2894 1865 2922 ne
1876 2879 1975 2922 intra

314 2943 478 2989 triduum
489 2942 674 3009 quistlnam
695 2944 718 2989 ci
727 2945 772 3005 se}
791 2945 932 3010 ahquid
935 2955 1075 3005 peteret
1088 2976 1102 2998 ‚
1120 2959 1187 2990 aut
1196 2943 1348 2991 dolorem
1345 2940 1460 3007 stmm
1469 2948 1722 3006 interpedaret.
1760 2944 1973 2992 Exanime

314 3012 421 3058 tanti
434 3013 631 3077 Principis
648 3030 800 3078 corpus
815 3014 984 3078 integro
1004 3010 1258 3075 insepultum
1278 3009 1446 3070 mense,
1472 3014 1664 3079 gentium
1692 3030 1833 3070 more,
1850 3009 1972 3076 supra

316 3093 465 3127 terram
481 3076 614 3140 jacuit
634 3116 647 3139 ,
673 3079 872 3147 vigesima
892 3079 1040 3128 otiiavssa
1059 3078 1315 3145 Septembris
1332 3080 1506 3128 demum
1528 3083 1673 3148 Regiis
1687 3080 1972 3130 monumentis

1806 3146 1969 3196 illatum
