2114 3412
350 172 417 230 ad
428 171 744 254 Magnum
759 166 1018 232 Tartnriae
1036 177 1262 258 Sinaeque
1279 177 1321 236 C
1319 175 1527 237 hamum.
1693 201 1724 248 9
1737 202 1759 240 Ι

179 268 250 316 Est
264 272 309 317 8<
320 269 433 319 aliud
447 289 523 336 per
540 274 669 330 Simu,
684 273 906 338 Indiamque
920 270 1220 319 arborescentis
1238 274 1453 321 arundinis
1469 292 1601 341 genus
1623 278 1684 323 M
1685 295 1768 324 am-

110 340 172 397 bu,
183 341 302 405 quod
321 338 505 387 Lusitani
517 340 668 388 Bamlm
686 341 985 405 vocant,idque
1001 340 1178 406 duplex.
1213 344 1361 389 Minus
1374 361 1525 392 cavum
1542 343 1662 403 esp&
1679 363 1768 394 me-³

111 408 326 455 dullosum
344 428 352 454 :
373 408 505 470 majus
521 408 608 456 fere
624 409 870 470 solidum‚&
887 411 1087 457 omnibus
1098 410 1186 458 aliis
1203 412 1482 459 arundinibus
1494 412 1658 472 densius
1670 454 1684 474 ‚
1698 432 1770 462 ro·-

110 475 372 540 bustiusque,
386 480 428 524 iu
447 477 658 543 paludosis
674 479 781 525 locis
793 480 950 537 crescit,
965 479 1079 526 refto
1092 478 1267 544 palmite
1280 519 1292 539 ,
1312 480 1387 527 nisi
1408 482 1531 544 quod
1551 483 1770 532 interdum

41 587 44 591 .
110 545 164 595 ad
182 545 344 593 leeticas
364 547 464 593 inde
481 546 790 607 conficiendas,
823 563 908 595 arte
925 550 1033 595 inter
1058 548 1330 595 crescendum
1354 549 1650 614 detorquetur.
1686 554 1768 600 Sti-

108 615 233 680 pium
260 617 399 662 vicem
424 615 477 662 ad
498 617 622 681 piper
648 616 936 664 sustinendum
964 618 1168 682 praebent.
1206 616 1277 664 Ad
1303 618 1461 682 pedem
1485 621 1660 667 crassitie
1684 620 1768 668 foe-

110 700 207 732 mur
218 685 306 731 vivi
322 698 504 750 aequant,
519 703 566 732 ac
581 688 849 751 reperiuntur
873 700 987 733 tanta
1002 686 1226 733 latitudine
1249 687 1293 732 8<
1316 685 1515 735 firmitate
1528 727 1540 746 ‚
1552 702 1601 735 ut
1616 689 1708 736 Indi
1721 692 1768 737 Sc.

111 754 214 801 Since
228 753 396 819 scaphas
411 754 509 801 inde
525 755 778 814 conficiant,
799 773 900 820 quas
914 758 1034 802 remis
1050 770 1136 804 tam
1150 755 1341 802 celeriter
1351 755 1604 821 propellunt
1614 772 1684 818 ‚ut
1698 776 1767 806 ce-

108 823 318 870 leritatem
342 822 575 871 fluviorum
593 824 801 890 superent.
838 824 1027 873 Nodosae
1050 828 1166 884 lunt,
1184 825 1309 872 nodis
1326 826 1467 891 palma
1491 825 1766 888 distantibus,

109 892 226 939 unde
241 892 393 939 surculi
414 893 512 940 reffi
544 893 610 940 vel
631 912 759 943 manu
775 895 982 942 incurvati
1000 908 1239 960 emergunt.
1272 895 1393 942 Folia
1407 894 1531 943 instar
1546 895 1675 956 oleae,
1695 897 1767 945 sed

108 961 319 1027 longiora,
328 960 427 1020 sola,
441 976 512 1008 aut
521 963 734 1027 opposita.
755 966 877 1010 Dum
889 964 976 1011 haec
986 964 1150 1012 arundo
1160 981 1302 1012 recens
1311 963 1386 1024 est,
1396 964 1628 1013 medullam
1637 965 1766 1032 spon-

107 1031 268 1097 giosam
289 1031 334 1077 &
355 1030 525 1077 dulcem
537 1031 827 1098 habet‚quam
847 1033 939 1079 Indi
959 1033 1081 1080 avide
1098 1048 1305 1099 exugunt.
1342 1033 1505 1081 Surculi
1529 1036 1655 1099 primi
1674 1036 1765 1083 lau-

107 1101 210 1147 titiis
227 1098 497 1146 accensentur
511 1098 571 1146 ob
591 1116 759 1164 gratum
774 1103 968 1167 saporem
988 1104 1031 1149 8<
1043 1101 1189 1149 cibum
1206 1102 1436 1153 delicatum
1458 1106 1589 1152 Achar
1603 1103 1764 1152 consti-

107 1182 260 1218 ruunt:
279 1168 393 1215 unde
403 1170 531 1216 etiam
548 1170 589 1215 in
609 1173 829 1235 Europam
848 1169 1107 1218 deferuntur.
1146 1171 1227 1217 Sed
1237 1189 1335 1218 cum
1351 1171 1609 1233 adoleverit,
1624 1172 1763 1234 color,

112 1238 236 1305 sapor
255 1240 299 1285 ἃς
322 1237 434 1285 odor
449 1239 471 1284 a
492 1238 591 1285 Sole
609 1241 868 1300 extrahitur,
884 1239 1061 1301 acjuxta
1081 1241 1324 1288 internodia
1340 1245 1381 1288 in
1394 1260 1567 1308 grumos
1582 1245 1766 1308 pumicis

107 1307 553 1374 duritie,coagulatur.
590 1312 706 1356 Mox
722 1310 851 1358 alium
867 1310 1060 1374 saporem
1077 1309 1218 1356 induit
1235 1309 1614 1377 subastringentem
1630 1349 1643 1371 ‚
1654 1311 1765 1359 &ab

107 1378 223 1425 Indis
251 1380 372 1426 Sacar
399 1378 566 1425 Bsamlm
582 1393 769 1427 vocatur.
807 1381 970 1442 Liquor
986 1379 1077 1439 hic,
1091 1396 1182 1444 quo
1203 1379 1396 1427 levior&
1413 1380 1596 1429 albidior
1609 1381 1693 1442 est,
1708 1372 1780 1429 eo*

106 1447 284 1496 melior:
303 1446 520 1512 inaequalis
532 1448 577 1494 8<
594 1449 815 1496 cinericius
833 1448 924 1495 vilis
939 1448 1142 1499 censetur.

788 1602 1052 1667 essrbores.

102 1740 152 1854 I
171 1745 215 1793 N
250 1745 425 1793 Suchuen
435 1744 607 1810 oppido
625 1745 751 1808 Rieu,
764 1745 808 1792 in
820 1745 991 1812 Pagoda
1005 1745 1198 1810 quodam
1212 1746 1337 1795 arbor
1350 1749 1513 1805 Cinnien,
1522 1746 1568 1794 id
1577 1744 1639 1795 est
1647 1746 1766 1796 mille

172 1830 382 1861 annorum
405 1826 548 1875 extat,
582 1829 709 1863 tantae
733 1813 1049 1880 amplitudinis,
1071 1831 1118 1864 ut
1127 1814 1321 1866 ducentae
1345 1833 1447 1864 oves
1458 1814 1534 1864 sub
1546 1834 1633 1865 uno
1643 1834 1766 1866 ramo

105 1881 210 1930 stare
231 1885 276 1930 &
288 1883 609 1932 circumcursare
627 1885 786 1950 poffint
800 1921 814 1944 ,
833 1902 856 1930 a
879 1882 1002 1932 nullo
1016 1883 1240 1933 astantium
1254 1885 1502 1951 consped‘tae.
1538 1887 1590 1935 In
1612 1885 1765 1936 eadem

110 1951 332 1999 Provincia
351 1952 458 1999 fabae
473 1955 663 2000 crescunt
673 1953 843 2019 lapidea
852 1952 1019 2000 duritie.

170 2022 218 2067 In
233 2026 440 2090 Huquang
450 2021 575 2069 arbor
585 2022 709 2071 instar
719 2021 883 2071 hedera:
900 2022 1092 2089 affui-git,
1110 2023 1231 2085 cujus
1240 2023 1343 2070 rami
1361 2026 1545 2072 extremi
1556 2023 1628 2072 fila
1637 2023 1765 2074 serica

105 2091 312 2136 tenuitate
330 2105 511 2156 aequant.
548 2093 796 2159 Virgultum
819 2093 930 2139 carni
955 2093 1080 2140 nudae
1099 2092 1343 2160 alligatum,
1371 2094 1569 2141 somnum
1591 2093 1763 2145 suavem

106 2158 681 2217 conciliat‚unde&nomen
701 2167 764 2210 M
760 2163 915 2227 anghoa,
928 2162 971 2209 id
982 2162 1042 2210 est
1052 2165 1129 2228 flos
1133 2166 1262 2228 fhmm‘
1280 2166 1456 2228 accepit.

65 2285 68 2287 ,
175 2230 225 2275 In
252 2224 447 2296 [hekiang
479 2229 596 2294 apud
631 2233 836 2297 Sil-*zglyiatgg
853 2269 866 2289 ‚
901 2231 1021 2295 quod
1036 2231 1097 2277 est
1112 2247 1213 2280 terra
1227 2236 1422 2295 pinorum,
1456 2229 1623 2279 arbores
1643 2243 1758 2278 tanta

103 2298 282 2345 craffitie
302 2297 395 2345 sunt
410 2335 422 2357 ,
438 2311 487 2346 ut
501 2297 721 2367 ostoginta
733 2300 926 2346 homines
945 2297 1124 2346 brachiis
1140 2318 1208 2347 eas
1226 2303 1397 2365 cingere
1421 2312 1668 2364 nequeant:
1692 2314 1759 2366 ref

106 2368 330 2433 periuntur
342 2404 354 2426 ,
369 2386 465 2433 quae
480 2382 627 2416 ventre
641 2367 718 2416 suo
732 2385 926 2414 concavo
943 2368 1228 2432 trigintaocto
1241 2370 1434 2417 homines
1449 2370 1638 2434 capiunt.

172 2437 224 2484 In
244 2435 350 2485 urbe
363 2441 428 2486 M
422 2439 516 2488 altao
532 2437 657 2486 arbor
667 2437 728 2484 est
738 2454 888 2502 ,quam
903 2436 1088 2484 Lusitani
1100 2439 1410 2504 lggrnumferreum
1428 2450 1608 2496 vocant,
1632 2436 1760 2502 quod

105 2503 196 2565 ejus
211 2505 344 2553 ferrea
363 2507 536 2554 durities
555 2509 601 2556 8<
616 2509 793 2572 gravitas
805 2533 818 2564 ,-
842 2505 958 2553 unde
977 2509 1020 2553 in
1037 2524 1147 2571 aqua
1169 2526 1275 2555 mox
1297 2506 1482 2557 subsidit.
1520 2506 1695 2555 Talium
1710 2507 1756 2554 in

107 2569 300 2641 shaoking
321 2578 366 2624 &
379 2590 528 2625 monte
541 2573 732 2642 Caolemyg
742 2612 754 2635 ,
773 2592 926 2641 magna
935 2577 1061 2640 copia
1074 2575 1147 2624 est.

172 2645 221 2689 ln
244 2647 447 2713 Qntung
464 2644 571 2693 urbe
589 2642 905 2711 Chczokingligna
919 2644 1075 2703 odora,
1097 2646 1396 2694 colorerubro
1414 2683 1427 2706 ,
1458 2644 1664 2710 subnigro
1677 2680 1690 2703 ‚
1704 2655 1756 2690 ut

105 2711 343 2776 aquilinum
358 2750 370 2772 ‚
390 2714 617 2774 rhodium,
636 2715 848 2773 crescunt,
871 2712 1092 2779 exquibus
1110 2716 1267 2763 mensas
1283 2752 1296 2775 ,
1327 2714 1440 2763 sellas
1455 2751 1468 2775 ,
1498 2712 1683 2779 capsulas
1705 2713 1753 2760 &

106 2779 185 2828 alia
204 2781 452 2834 conficiunt.

175 2850 222 2897 ln
239 2854 414 2920 Qaszgfi
430 2870 592 2918 pannus
607 2851 835 2900 conficitur
850 2868 905 2899 ex
920 2850 1033 2899 foliis
1048 2850 1275 2900 rubrorum
1300 2857 1363 2900 M
1357 2855 1460 2918 usen

175 2921 224 2966 In
235 2936 369 2984 regno
392 2927 557 2972 Gannan
566 2922 699 2972 dulcis
712 2939 766 2970 cx
782 2920 1001 2968 arboribus
1021 2921 1176 2982 succus>
1190 2939 1320 2987 quem
1334 2921 1519 2970 Lusitani
1532 2921 1754 2987 Rosamalie

107 3003 278 3047 vocant,
291 2987 427 3037 stillat.

175 3060 222 3104 In
243 3059 425 3125 Chekiang
442 3060 594 3125 integri
610 3059 731 3108 saltus
742 3076 962 3106 mororum
981 3057 1099 3119 sunt,
1119 3077 1229 3124 quos
1250 3061 1499 3124 quotannis,
1517 3072 1566 3106 ut
1588 3062 1752 3118 vineta,

108 3125 305 3186 caedunt,¹
340 3129 441 3194 quia
471 3127 575 3177 folia
602 3146 826 3193 parvarum
859 3128 1058 3175 arborum
1090 3128 1308 3193 optimum
1339 3128 1515 3177 sericum
1547 3126 1752 3194 praebent.

1092 3214 1134 3244 m
1171 3215 1195 3245 2
1702 3196 1754 3244 In
