2150 3370
322 142 386 188 32
700 121 839 179 Pars
847 118 1008 200 prima
1028 116 1310 202 Legationis
1328 120 1593 179 Patavicae

319 240 415 275 rant
430 248 442 285 3
465 243 514 273 ea
523 226 733 291 praecipua
744 221 913 270 obseffis
923 221 1170 288 pestilentia.
1200 225 1339 288 Aquae
1351 223 1614 287 intusinopia
1622 221 1684 269 ob
1694 220 1895 272 foetorem
1906 225 1987 273 flu·

321 298 443 343 minis
456 314 464 340 ε
476 312 580 362 ergo
591 293 688 341 a&ae
702 294 746 339 in
760 306 914 340 terram
928 311 1078 358 puram
1088 291 1245 350 foveae,
1268 292 1387 341 unde
1408 291 1826 357 incorruptusliquor
1836 291 1986 342 ebulli-

321 379 398 412 ret.
431 365 646 410 Memoria
657 363 851 429 dignum,
868 361 1049 412 sedecim
1061 361 1212 409 milites
1228 364 1430 416 Batavos,
1446 361 1600 427 quibus
1611 362 1985 428 propugnaculum

319 431 580 498 Magdalena
590 431 918 487 defendebatur,
928 433 1194 479 innumeram
1203 429 1480 478 barbarorum
1493 433 1579 497 vim
1591 468 1603 490 ,
1624 431 1850 497 postquam
1871 433 1986 481 defe-

319 501 432 549 ciffet
452 501 679 568 plumbum
698 538 711 561 ,
742 501 847 549 saxis
867 534 881 554 ,
915 501 1015 548 inde
1046 502 1326 548 excrementis
1369 499 1394 564 ζ
1412 500 1523 547 adeo
1552 500 1659 548 fides
1686 501 1987 569 neceffitasque

318 570 470 619 cuncia
499 571 670 636 arripit)
690 569 884 637 repuliffe
905 606 919 629 ,
945 569 1277 617 exclamantibus
1297 569 1528 634 improviso
1546 569 1782 634 spectaculo
1800 571 1987 638 Javensi-

318 640 396 686 bus
416 663 427 699 3
469 646 502 689 O
524 643 683 706 Seytang
700 646 827 705 Orang
850 641 1073 699 HoEanda,
1091 640 1139 686 de
1155 640 1342 700 ssaclzalay
1358 639 1560 700 stmmmtffff
1580 672 1594 693 ,
1612 638 1751 700 idest,
1774 642 1988 690 daemones

319 705 541 770 Hollandi‚
555 728 630 759 vos
642 711 840 778 Pugnatis
850 708 1037 758 stercore.

131 782 261 833 Soiyigur
389 779 533 828 Soluta
544 779 724 827 Kale&
735 777 962 825 obsidione
971 815 984 838 ,
1001 780 1171 847 Javanis
1180 776 1305 826 casira
1315 776 1386 825 sua
1399 777 1530 827 tribus
1541 777 1711 845 ignibus
1722 779 1989 830 inflamman-

132 825 259 858 ⁰b¹¹d¹⁰'
317 847 437 898 tibus.
450 849 594 897 Nostri
606 883 620 904 2
631 847 758 897 altera
769 847 863 895 luce
873 865 1004 897 vacua
1013 849 1181 916 ingreffi
1188 847 1315 895 castra
1328 885 1341 908 ‚
1355 847 1675 896 lamentabilem
1686 847 1988 915 ibideprehen-

316 918 418 965 dere
429 918 596 974 faciem,
604 918 859 986 octingentis
868 920 915 966 &
925 918 1104 984 amplius
1113 916 1355 983 composito
1365 918 1516 965 ordine
1527 916 1800 966 obtruncatis,
1846 921 1987 970 Causa

312 987 437 1049 hujus
448 988 724 1054 autophoniae
735 1000 834 1035 erat.
869 991 1107 1055 Imperator
1118 1006 1235 1036 anno
1245 990 1446 1054 proxime
1455 986 1597 1053 elapso
1606 985 1731 1051 (nam
1743 986 1831 1035 haec
1842 989 1987 1040 secun-

311 1057 365 1104 da
377 1071 465 1105 erat
481 1055 686 1121 obsidio)
705 1074 841 1106 unum
862 1059 886 1106 ὲ
903 1059 1122 1124 praecipuis
1139 1057 1492 1124 RegniDucibus
1510 1058 1782 1123 cumingenti
1794 1063 1987 1110 exercitu

308 1126 364 1173 ad
378 1129 592 1176 Bataviam
601 1129 938 1195 expugnandam
946 1127 1123 1176 miserat.
1159 1130 1325 1175 Batavis
1336 1145 1550 1175 armorum
1561 1144 1652 1193 ope
1662 1162 1676 1182 ,
1692 1145 1786 1193 quae
1798 1130 1924 1176 Deus
1936 1133 1985 1180 &

310 1210 458 1244 natura
467 1198 682 1258 concessit‚
696 1216 787 1245 non
807 1198 943 1245 modo
964 1201 1163 1246 acerrime
1183 1215 1265 1264 pro
1284 1199 1361 1245 aris
1386 1195 1705 1262 &focisseipsos
1716 1197 1986 1248 defendenti-

309 1263 389 1312 bus
400 1302 412 1325 ,
427 1284 575 1315 verum
595 1270 723 1316 etiam
747 1269 961 1316 continuis
983 1267 1303 1316 excursionibus
1313 1283 1401 1316 tam
1417 1266 1639 1315 numerosa
1659 1266 1843 1316 hostium
1855 1268 1984 1319 castra

309 1336 608 1392 atterentibuS‚
622 1339 732 1385 Dux
741 1357 786 1386 re
797 1336 952 1387 infe&a
963 1338 1143 1386 domum
1152 1339 1290 1386 rediit.
1326 1338 1508 1389 Madurae
1531 1338 1730 1403 Princeps
1747 1335 1873 1403 (nam
1895 1338 1985 1387 haec

306 1403 439 1452 insula
449 1405 539 1471 subj
545 1407 636 1455 etsta
647 1407 800 1456 Caefiri
809 1408 956 1456 medio
964 1420 1134 1457 tantum
1146 1406 1311 1456 milliari
1322 1407 1447 1455 distat
1458 1404 1579 1471 lami)
1591 1425 1675 1473 prae
1686 1405 1867 1455 aliorum
1878 1426 1984 1456 con-

306 1487 475 1540 temptu
495 1493 594 1523 cum
611 1490 700 1524 tam
719 1479 885 1544 ingenti
906 1480 1097 1526 exercitu
1109 1513 1121 1537 ‚
1139 1477 1265 1543 (nam
1286 1477 1474 1525 ducenta
1485 1475 1615 1525 millia
1634 1478 1821 1525 virorum
1833 1477 1985 1527 milita-

305 1545 415 1592 rium
425 1543 781 1612 numerabantur)
791 1560 949 1594 certam
961 1548 1142 1596 Bataviae
1153 1548 1523 1617 expugnationem
1530 1546 1758 1613 jactaverat
1768 1583 1781 1607 ,
1792 1546 1862 1596 vel
1872 1546 1913 1595 se
1923 1550 1984 1596 vi-

305 1630 409 1660 vum
419 1631 509 1662 non
518 1615 754 1669 rediturum
763 1618 1010 1682 juramento
1020 1617 1242 1666 affirmans.
1255 1620 1495 1683 Imperator
1507 1630 1595 1664 tam
1606 1614 1814 1682 generoso
1828 1619 1985 1664 Princi-

303 1684 369 1748 pis
379 1685 532 1732 audito
544 1683 690 1750 spiritu
702 1723 715 1746 ‚
732 1703 833 1734 eum
843 1687 965 1734 novis
973 1688 1109 1752 copiis
1117 1704 1216 1734 cum
1228 1688 1358 1752 priori
1370 1684 1568 1752 praefecit,
1602 1689 1765 1734 Verum
1782 1684 1913 1754 longe
1924 1685 1984 1735 fa-

301 1750 421 1800 cilius
430 1753 511 1800 esse
521 1788 536 1809 ,
556 1753 720 1803 hostem
731 1755 950 1803 absentem
960 1755 1094 1803 verbo
1106 1789 1121 1811 ,
1136 1773 1267 1822 quarn
1283 1755 1532 1823 praesentem
1543 1771 1695 1803 necare
1704 1753 1838 1810 ferro,
1856 1774 1984 1804 even-

301 1834 368 1868 tus
378 1821 528 1870 docuit
539 1846 553 1882 3
577 1842 677 1872 nam
687 1823 876 1893 gloriosis
896 1827 1153 1873 Batavorum
1163 1826 1287 1873 armis
1303 1842 1404 1872 cum
1416 1824 1630 1872 dedecore
1652 1824 1804 1872 cedere
1814 1825 1984 1874 coa&us

301 1888 395 1938 fuit.
431 1893 547 1939 Hinc
559 1894 686 1954 Dux,
695 1895 892 1958 quianno
904 1896 1116 1959 praeterito
1124 1893 1234 1942 solus
1244 1896 1526 1960 imperaverat
1534 1893 1689 1950 castriS,
1698 1911 1865 1941 memor
1870 1895 1984 1958 jura-

302 1962 437 2007 menti
451 1963 653 2028 Principis
672 1962 876 2023 Madame,
894 1965 962 2010 via
986 1962 1085 2011 faffl
1103 1981 1205 2010 eum
1227 1981 1328 2011 cum
1347 1961 1425 2010 suis
1434 1961 1586 2010 affeclis
1597 1964 1641 2009 in
1653 1960 1750 2009 laesae
1759 1961 1881 2010 famae
1892 1966 1983 2011 vin-

303 2027 460 2076 diciam
470 2029 615 2095 gladio
626 2031 818 2097 perfossit
828 2068 840 2091 ,
854 2046 902 2080 ut
913 2030 1039 2098 ipsius
1048 2032 1168 2080 dietis
1183 2032 1318 2082 fidem
1328 2030 1498 2080 faceret.
1544 2037 1653 2089 Qo
1664 2033 1840 2080 crimine
1853 2034 1875 2080 a
1887 2035 1982 2081 Cae-

303 2097 389 2144 sare
408 2101 537 2147 totius
553 2102 730 2149 Senatus
749 2100 953 2168 applausu
975 2100 1188 2150 absolutus
1203 2102 1273 2152 est.
1310 2105 1361 2149 ln
1380 2115 1541 2151 tantam
1561 2103 1743 2151 Bataviae
1759 2101 1980 2152 victoriam

306 2167 433 2217 Musa
456 2169 500 2216 in
517 2170 596 2219 hos
613 2173 801 2236 erumpit
821 2170 967 2220 versus.
1607 2197 1609 2199 ·

579 2315 644 2365 Sic
656 2321 778 2365 ‘vicina
790 2319 893 2383 jacet
909 2319 1060 2367 celebris
1080 2320 1273 2368 OEattavia
1282 2332 1410 2383 ponto,

684 2422 738 2450 uae
757 2402 1008 2468 fitpremafitis
1029 2405 1187 2453 turribus
1206 2406 1307 2471 astra
1320 2411 1431 2468 petit.

575 2485 711 2537 Totius
728 2489 855 2535 mundi
876 2501 961 2537 'vere
980 2493 1037 2537 effi
1056 2490 1279 2553 Paradffus‚
1306 2494 1349 2539 &⁴
1373 2495 1497 2557 ingens

645 2576 776 2624 Gloria
792 2575 1020 2641 (Bdgarum,
1043 2582 1105 2642 qui
1123 2578 1282 2641 repulere
1309 2580 1445 2635 Javos.

573 2661 775 2708 Luxuriat
786 2664 947 2728 gemmis
959 2695 974 2717 ,
993 2677 1170 2729 argento,
1189 2663 1380 2730 meffibm,
1401 2680 1503 2721 auro,

645 2745 778 2810 Dfitla
795 2760 922 2811 parva
942 2752 1062 2812 capit,
1085 2748 1264 2815 quidquid
1278 2754 1315 2797 in
1335 2751 1419 2798 orbe
1439 2749 1568 2797 datur.

575 2833 731 2897 ‘Petgito
755 2836 982 2900 Laurtgerias
1001 2854 1126 2884 nomen
1142 2837 1360 2903 praegrande
1384 2834 1589 2900 Trophaeis,

643 2923 813 2986 Qrere
826 2957 838 2982 ,
850 2923 912 2988 fic
932 2924 1075 2972 Patrue
1088 2923 1206 2991 fama
1220 2925 1383 2988 perennis
1402 2927 1483 2971 erit.

1856 3065 1978 3115 Οᾶο
