2114 3412
67 249 74 256 ·
132 239 166 267 In
174 239 291 282 territo-

131 289 300 316 rn2e1usva-

321 144 386 189 82
699 126 839 184 ‘Pars
848 121 1009 203 prima
1030 117 1309 205 Legationis
1329 121 1594 180 Patavicae

373 218 526 280 'Multa
553 241 698 276 tamen
722 228 865 275 vicino
895 228 938 274 in
959 228 1173 274 territorio
1202 224 1386 292 templa,
1421 227 1683 291 praecipuum
1704 225 1748 271 in
1770 226 1988 276 montibus

131 320 300 361 riatempia,
322 302 507 367 nglm
529 301 574 347 8(
587 301 781 355 Juenxiu,
795 314 903 360 quos
925 297 1140 364 indigenae
1151 294 1206 342 ab
1218 297 1434 355 Eremitis‚
1452 299 1497 344 8(
1510 293 1745 343 sacrificulis
1757 297 1987 344 innumeris

137 1065 281 1110 §Hmbffis

134 1108 208 1139 fons

129 1485 297 1526 27.Aans

131 1529 288 1561 HUKEU

130 1578 258 1602 vemunt

316 371 549 422 habitatos,
567 365 844 432 superstitiose
854 365 1045 413 adorant.
1080 363 1162 431 Ipsi
1178 364 1441 425 Eremicolae,
1451 383 1638 431 quorum
1649 363 1797 432 finguli
1810 363 1988 433 singulas

315 437 481 485 cellulas
492 437 746 495 inhabitant,
757 449 916 483 atroces
930 437 970 481 in
983 433 1022 482 se
1034 452 1183 482 omnes
1194 434 1434 500 voluptates
1446 433 1648 499 spernunt
1661 471 1674 494 ,
1690 437 1902 482 continuis
1911 436 1988 483 de-

317 508 410 564 diti,
420 506 725 573 promerendae,
734 519 781 552 ut
793 503 1156 565 ja&ant,melioris
1168 506 1277 559 vitae,
1292 503 1365 551 ubi
1377 521 1556 570 corpore
1568 502 1644 550 suo
1655 504 1795 550 anima
1813 505 1856 550 in
1869 503 1988 554 aliud

316 577 690 644 tranlinigraverit,
722 573 914 632 miserii3‚
940 591 1043 638 quas
1054 572 1235 630 curiose,
1253 588 1302 621 ut
1312 572 1563 638 affligantur,
1573 573 1821 638 excogitant
1833 596 1854 633 3,
1868 588 1987 623 tanta

315 648 374 693 vis
395 644 696 711 superstitionis
718 645 847 691 etiam
866 641 1113 690 Idololatras
1132 643 1304 690 invadit.
1340 641 1519 690 Cellulae
1541 644 1696 690 montis
1715 644 1987 709 nglmnu-

316 733 438 762 mero
464 716 563 762 anni
584 715 672 762 dies
689 731 853 777 aequare
872 711 1162 777 perhibentur.
1198 716 1256 760 Et
1268 729 1511 778 quanquam
1534 713 1727 777 undique
1737 711 1985 772 sudocoelo,

316 798 483 831 montes
495 783 550 830 illi
564 784 777 850 perpetuis
787 782 883 829 tecti
896 780 1061 827 nebulis
1069 780 1225 828 tristem
1235 780 1386 828 faciem
1399 781 1610 829 ostentant
1630 801 1639 827 ε
1662 796 1708 828 ut
1727 779 1819 828 lacu
1835 783 1987 849 Poyang

317 852 677 919 prospectantibus
686 851 805 915 saepe,
815 849 999 898 nubibus
1008 850 1140 898 visum
1153 851 1518 915 intercipientibus
1529 850 1736 916 ,conspici
1747 868 1834 897 non
1847 851 1987 916 poffit.

315 921 481 970 Multus
501 925 545 969 8(
567 922 626 969 ibi
649 919 867 968 Cannabis
884 923 1114 967 Proventus
1126 957 1138 979 ,
1157 920 1274 968 unde
1291 919 1427 968 aestiva
1446 919 1522 967 fibi
1543 919 1788 968 vestimenta
1799 920 1987 968 arcendo

315 991 470 1049 sudori,
480 994 523 1039 &
538 991 659 1038 radiis
671 989 882 1038 Solaribus
891 989 1040 1036 incolae
1052 1004 1213 1055 parant.

385 1061 418 1106 F
422 1078 497 1106 ons
508 1059 601 1107 urbi
614 1060 667 1106 ad
677 1060 965 1108 Occidentem
978 1059 1083 1121 IQ'en
1096 1060 1279 1107 nominis
1290 1095 1304 1116 ,
1326 1058 1394 1119 cuj
1401 1077 1445 1106 us
1455 1057 1700 1106 decidentes
1708 1075 1827 1124 aquae
1837 1076 1987 1125 argen-

318 1143 430 1176 team
439 1128 731 1195 repraesentant
743 1128 870 1177 telam
883 1162 898 1182 ‚
917 1131 961 1176 &
975 1131 1144 1195 triginta
1158 1130 1309 1194 pateris
1319 1127 1582 1194 dispergitur.
1611 1130 1776 1193 Magna
1788 1126 1916 1182 illius,
1937 1143 1987 1177 ut

319 1197 467 1247 validae
480 1201 522 1245 in
538 1197 693 1246 multos
703 1200 890 1264 corporis
900 1198 1181 1265 aegritudineS,
1191 1198 1307 1264 apud
1321 1196 1510 1246 Sinenles
1521 1214 1639 1262 aqua:
1650 1197 1844 1264 dignatio
1858 1196 1988 1245 habe-

322 1281 401 1315 tur.
437 1271 572 1316 Lacus
583 1270 732 1334 (1³0ng
744 1267 873 1333 ipsam
885 1266 1110 1333 bipartitur
1120 1270 1353 1334 regionem.
1367 1269 1450 1314 Hic
1463 1269 1507 1315 8(
1521 1267 1582 1314 ob
1594 1266 1853 1316 fertilitatem
1865 1284 1989 1314 mon-

318 1338 441 1392 tium,
456 1355 757 1404 agrorumque,
766 1340 811 1385 8(
823 1340 948 1402 copi-{1
959 1337 1159 1384 arborum
1167 1336 1401 1385 celebratus
1408 1351 1497 1385 tota
1509 1338 1608 1384 Sina
1619 1336 1825 1395 tra&u8,in
1839 1338 1988 1386 omnia

313 1404 484 1473 frugum
504 1407 833 1473 genera,crebris
842 1406 986 1471 paffim
1001 1405 1286 1472 pisculentisq3
1298 1406 1516 1454 abundans
1526 1404 1787 1464 fluminibus,
1798 1406 1837 1454 se
1846 1406 1986 1454 effun-

315 1475 389 1522 dit.
415 1475 626 1543 Vigessma
638 1474 811 1540 septima
825 1476 1061 1535 HUKEU,
1073 1491 1270 1541 quartum
1282 1477 1440 1541 quintae
1450 1478 1628 1524 civitatis
1636 1475 1849 1543 Ktenltisng
1862 1477 1989 1541 oppi-

315 1544 442 1604 dhm,
465 1545 587 1593 nobis
598 1544 884 1610 conspectum.
922 1547 1058 1593 Situm
1083 1545 1142 1593 est
1159 1545 1213 1592 ad
1235 1547 1430 1594 dextram
1450 1546 1570 1594 fluvii
1590 1545 1724 1611 Kiang
1740 1582 1753 1605 ,
1781 1546 1855 1593 ubi
1877 1545 1988 1594 lacui

318 1616 467 1681 Poyng
495 1614 535 1662 se
553 1614 788 1678 permiscet,
801 1616 844 1661 in
856 1614 975 1678 cujus
985 1614 1181 1683 angustiis
1193 1618 1423 1681 prominet.
1458 1616 1752 1680 Qadraginta
1773 1614 1873 1663 hinc
1892 1613 1990 1662 mil-

316 1682 430 1730 liaria
457 1684 717 1750 Nankarggam
738 1700 977 1733 numerant.
1026 1689 1065 1732 A
1089 1684 1226 1732 boreo
1240 1684 1369 1734 latere
1384 1704 1508 1751 rupes
1518 1686 1687 1752 oppido
1699 1683 1892 1752 lingulati
1904 1683 1988 1733 ele-

318 1755 475 1819 gantia,
485 1751 659 1801 arbustis
670 1754 816 1819 paffim
828 1753 1103 1803 viridantibus
1111 1755 1321 1810 contecta,
1333 1758 1541 1803 imminet.
1576 1755 1651 1802 Ad
1665 1757 1819 1802 montis
1828 1756 1988 1803 radices

316 1821 649 1889 Pagodainsigni
661 1822 775 1871 mole
789 1862 802 1882 ,
821 1823 979 1871 aedibus
999 1824 1171 1875 cinctus,
1205 1827 1375 1873 Moenia
1387 1825 1532 1891 passim
1551 1842 1633 1890 pro
1649 1826 1804 1872 montis
1822 1827 1988 1880 natura,

315 1908 443 1938 curva
454 1894 499 1939 8(
513 1892 690 1959 gibbosa
703 1930 716 1952 ,
739 1891 883 1940 valido
893 1911 1037 1958 opere.
1075 1897 1228 1942 Parum
1244 1896 1344 1943 huic
1356 1895 1526 1960 oppido
1535 1896 1751 1941 Tartarica
1762 1892 1896 1940 rabies
1908 1911 1987 1940 no-

313 1961 403 2008 cuit
416 1982 428 2018 3
442 1963 676 2008 etiamnum
690 1960 918 2028 populosO,
927 1961 1237 2029 splendidisque
1249 1964 1434 2011 aedificiis
1444 1962 1716 2028 stiperbienti.
1739 1964 1986 2011 Mercatura

316 2032 547 2097 omnigena
557 2031 682 2078 floret
694 2066 705 2087 ,
721 2030 790 2078 sed
803 2033 1013 2096 praecipue
1024 2034 1218 2097 copiosus
1238 2032 1297 2079 ibi
1324 2050 1462 2080 rerum
1472 2031 1525 2079 ad
1537 2031 1693 2080 vicium
1704 2031 1986 2098 spechntium

315 2113 558 2163 proventus.
598 2101 773 2147 Piscium
785 2102 942 2165 optimi
953 2099 1148 2148 vilissimo
1159 2103 1299 2167 pretio
1310 2102 1363 2150 ad
1376 2116 1585 2149 emtorem
1597 2103 1774 2149 veniunt
1785 2139 1797 2162 ,
1807 2101 1869 2148 ob
1881 2100 1985 2149 ube-

316 2186 404 2214 rem
418 2169 610 2233 undique
623 2187 771 2216 eorum
780 2183 1006 2234 capturam.
1044 2170 1180 2219 AEstus
1189 2172 1405 2236 marisjam
1417 2172 1472 2219 ad
1484 2172 1569 2219 hoc
1579 2171 1791 2236 oppidum
1804 2208 1816 2230 ,
1828 2172 1982 2220 vicini&

315 2239 452 2294 maris,
466 2240 588 2284 Luna
599 2237 725 2303 plena
736 2256 936 2304 novaque
947 2239 1290 2304 deprehenditur.
1325 2243 1422 2309 Jam
1435 2240 1591 2288 exinde
1602 2241 1755 2288 fluvius
1762 2243 1916 2306 Kiang,
1934 2243 1982 2290 &

315 2307 338 2352 a
350 2308 522 2354 civitate
540 2306 755 2374 Kirnkiaszg
766 2309 820 2355 ad
832 2325 964 2367 mare,
976 2326 1117 2375 neque
1130 2313 1253 2376 pigro
1263 2310 1384 2359 cursu
1394 2348 1407 2369 ,
1425 2313 1470 2358 8(
1487 2312 1559 2358 vix
1578 2309 1822 2376 conspectui
1834 2310 1984 2370 obvio,

316 2374 432 2423 uude
441 2374 528 2436 jam
541 2375 806 2425 veliferarum
817 2375 909 2424 usus
918 2380 1090 2426 navium
1103 2416 1115 2438 ,
1133 2382 1176 2427 in
1194 2397 1322 2445 quam
1335 2380 1436 2429 velis
1445 2393 1623 2445 partem,
1633 2397 1720 2427 non
1731 2377 1910 2444 amplius
1919 2398 1984 2428 re·

313 2443 568 2492 luctantibus
585 2446 623 2509 ej
630 2464 674 2493 us
685 2448 814 2512 aquis.
851 2449 983 2494 Mons
995 2450 1040 2494 8(
1053 2450 1212 2496 vicinus
1225 2451 1415 2516 Xechng
1425 2487 1436 2508 ‚
1460 2451 1580 2513 quod
1592 2449 1805 2512 Lapitham
1819 2443 1985 2512 Campa-

313 2532 399 2559 nam
421 2512 627 2581 significat
652 2541 665 2572 ,·
702 2517 866 2581 quippe
894 2516 1045 2564 fluctus
1072 2517 1324 2584 tempestate
1340 2518 1452 2566 lacus
1475 2519 1625 2584 Poyang
1644 2518 1698 2565 ad
1719 2517 1982 2583 crepidinem

314 2586 470 2631 montis
490 2581 620 2631 collisi
632 2618 644 2638 ,
662 2587 876 2650 mugitum
897 2603 1201 2652 campanarum
1221 2588 1344 2636 instar
1359 2605 1575 2636 raucarum
1591 2589 1822 2635 concitant.
1861 2589 1982 2636 Cum

309 2648 399 2721 jam
421 2655 583 2701 ancoris
600 2652 718 2717 jaffis
735 2656 849 2701 navis
865 2669 963 2701 ante
986 2658 1199 2721 oppidum
1214 2656 1356 2718 staret,
1372 2660 1510 2705 omnis
1527 2658 1570 2702 in
1591 2656 1802 2704 recursum
1821 2657 1979 2717 civitas,

312 2720 427 2767 senes
441 2720 704 2789 juvenesque
722 2722 853 2771 effusa
866 2760 878 2783 ‚
895 2727 969 2772 vix
990 2725 1158 2790 aspectu
1170 2726 1301 2774 satiari
1314 2725 1624 2774 Hollandorum
1643 2739 1813 2791 poterat
1833 2743 1843 2771 ε
1862 2727 1983 2773 mira-

312 2786 466 2836 bantur
488 2793 632 2857 ignota
651 2811 725 2840 ora
740 2832 752 2851 ‚
772 2792 1023 2859 habitusque
1044 2794 1099 2841 ab
1120 2794 1272 2842 ultimo
1290 2797 1512 2843 occidente
1532 2797 1820 2854 venientium,
1839 2796 1886 2842 8(
1906 2793 1983 2842 nisi

313 2857 483 2921 ignotus
495 2861 678 2926 utrisque
689 2861 823 2909 sermo
835 2862 1071 2917 obstitisset,
1095 2863 1227 2912 multa
1240 2863 1444 2930 colloqui,
1456 2862 1588 2911 multa
1600 2866 1861 2930 interrogare
1874 2862 1981 2911 velle

314 2925 576 2976 videbantur.
612 2935 732 2998 Ergo
753 2929 926 2979 tubicen
946 2932 1087 2980 noster
1106 2934 1254 2981 inflare
1274 2933 1393 2980 suum
1413 2933 1624 2981 Wilbelmus
1644 2953 1655 2980 .·
1678 2951 1769 2999 quo
1789 2933 1982 3000 incogni-

312 3007 358 3039 to
375 2993 513 3042 sonitu
532 2998 641 3045 adeo
663 3002 870 3065 perterriti
893 3002 1066 3050 fuerunt
1087 3038 1099 3060 ,
1134 3016 1182 3049 ut
1200 3000 1370 3050 confusa
1393 3003 1495 3068 fuga
1517 3003 1590 3049 vix
1599 3016 1733 3070 portae
1744 3003 1982 3063 introitum,

313 3062 453 3111 multis
462 3065 672 3129 prostratis
684 3068 832 3133 paffim
845 3067 1167 3136 jacentibusque
1176 3070 1311 3118 miseri
1325 3074 1565 3135 reperirent.

1851 3140 1983 3203 Deci-
