2050 3412
323 158 387 221 ad
400 158 711 240 Magnum
726 152 981 215 Tartariae
998 159 1219 239 Sinaeque
1240 159 1283 217 C
1279 157 1486 217 hamum.
1615 182 1637 219 1
1652 187 1708 235 35

71 261 216 320 hodie,
226 273 415 316 vocatur,
428 258 597 324 plagam
608 295 620 317 ‚
638 276 711 305 eos
726 255 811 318 jam
821 269 917 303 ante
931 259 1149 304 Alexandri
1168 261 1308 326 Magni
1320 262 1366 307 8(
1383 268 1445 310 X
1447 263 1471 305 ii
1482 298 1495 319 v,
1521 272 1712 325 tempora

74 333 288 396 impetum
301 326 450 376 feciffe.

138 397 221 463 Ipsi
241 398 400 445 Tartari
417 396 461 442 in
486 392 723 442 Annalibus
751 396 860 442 Amir
893 396 1039 442 Chonde
1051 431 1064 453 ,
1091 408 1243 459 quarto
1270 395 1487 443 volumine
1505 399 1715 462 originem

71 467 186 514 suam
215 468 238 512 iz
262 466 344 512 TU
360 482 386 509 R
405 480 432 510 K
458 462 554 510 filio
572 476 673 510 natu
684 465 874 509 maximo
889 462 1043 528 Japhet
1058 462 1289 510 deducunt.
1325 464 1437 515 Turlz
1459 458 1716 529 igitur'idem

73 534 154 593 est,
183 536 259 599 qui
285 537 346 581 M
343 552 434 599 agog
448 532 695 597 Scytharum
717 532 912 578 omnium
927 536 1058 578 Pater.
1095 531 1168 578 Ab
1183 532 1268 579 hoc
1295 531 1407 581 Turk
1429 531 1587 597 septem
1613 552 1717 599 gen<

72 608 182 652 tium
201 603 410 667 originem
430 601 648 648 deducunt
670 600 893 666 scriptores
908 604 1071 648 Rerum
1093 599 1345 647 Perficarum
1357 638 1369 660 ‚
1388 597 1645 664 Clvaqarormn
1662 603 1715 650 ad

73 671 494 738 volgam,Ruffirunz,
508 676 706 733 Gazorum
725 669 809 717 sive
819 673 1029 722 suanorum
1039 667 1086 733 (zi
1105 671 1260 734 quibus
1277 669 1405 714 Suedi
1417 670 1553 727 ‚Daui
1566 707 1578 728 ,
1602 673 1714 717 Nor-

73 741 360 807 wegi,1ssa11di
375 779 388 800 ,
405 738 644 787 Gronlandi
657 737 863 806 profeffi)
881 740 1112 803 sznorum,
1121 740 1195 804 qui
1208 739 1302 786 sunt
1318 736 1393 801 ipsi
1410 740 1513 786 Sina:
1525 738 1716 804 (quippe

75 813 199 877 szn
215 810 326 859 filius
348 810 462 860 Turk
475 808 699 874 pifiuram,
712 811 959 869 textoriam,
970 808 1086 856 serici
1097 807 1354 855 conficiendi
1370 824 1500 855 artem
1516 808 1717 859 inveniffe

75 881 232 930 dicitur
247 917 260 940 ,
273 897 368 944 quae
381 880 524 926 omnia
535 877 701 926 Seribus
716 877 798 924 five
818 879 923 925 Sinis
933 875 1248 943 adstribuntur)
1265 878 1297 924 S
1299 877 1539 925 aclabitarmn
1559 876 1716 923 siveSi*

72 949 276 1000 berorum
293 950 338 995 8(
350 952 392 995 in
408 950 533 995 Zona
544 947 696 1013 frigida
709 945 989 994 habitantium
1005 944 1113 994 Asiae
1123 946 1388 1012 populorum
1400 982 1413 1004 ,
1423 946 1717 1007 Kemaritarmn

75 1021 98 1066 a
118 1018 273 1085 quibus
298 1020 456 1082 Βκζξανὶ
473 1017 519 1063 8(
540 1019 745 1083 Purtqfitae
759 1054 776 1076 ,a
805 1015 889 1062 sive
909 1029 957 1063 ut
974 1017 1222 1062 Vincentius
1246 1014 1431 1081 appellat
1448 1016 1628 1083 Perofitae
1647 1013 1715 1062 vel

76 1095 139 1139 H
137 1091 239 1148 amni,
250 1092 376 1135 Iueuri
394 1087 439 1132 &
460 1090 647 1150 Hungari
661 1084 855 1150 profesti.

142 1160 332 1216 Qiintus
345 1156 562 1206 Turlzarum
574 1157 674 1201 Rex
685 1157 878 1216 Alcnrzct³
889 1155 963 1218 qui
974 1154 1133 1216 primus
1147 1154 1324 1213 Chakmzi,
1338 1153 1381 1199 id
1395 1152 1453 1200 est
1470 1156 1612 1219 Mbgni
1628 1155 1715 1198 Re-

75 1228 138 1293 gis
150 1226 215 1274 vel
229 1225 494 1290 Imperatoris
504 1241 662 1272 nomen
675 1222 984 1288 obtinuit3(Cl.³a
998 1223 1113 1268 enim
1129 1223 1281 1267 Turcis
1293 1225 1337 1269 8(
1352 1222 1536 1269 Tartaris
1547 1240 1718 1287 magnum

75 1293 279 1361 denotat)
302 1293 414 1341 filios
442 1293 551 1340 duos
573 1292 656 1340 sive
676 1291 880 1358 gemellos
896 1290 1046 1338 habuit
1067 1291 1271 1338 Tartar&
1290 1294 1447 1356 Mogros,
1481 1308 1591 1355 quos
1608 1292 1715 1337 inter

76 1365 381 1429 Imperiumim
391 1362 532 1410 divisit
544 1402 557 1423 ‚
569 1376 617 1409 ut
636 1364 837 1410 Orientali&
850 1362 894 1408 8(
911 1362 1082 1408 OEorealis
1093 1378 1184 1424 pars
1200 1361 1351 1407 Tataro
1360 1396 1372 1419 ,
1390 1358 1574 1407 australis
1586 1359 1632 1406 &
1642 1376 1696 1406 oc
1706 1386 1716 1392 -

76 1434 203 1480 cidua
216 1438 279 1481 M
274 1435 370 1497 ogolb
384 1431 565 1481 cederet.
601 1434 748 1494 Atque
759 1433 815 1478 ita
826 1430 1058 1477 Tatarorum
1077 1430 1122 1477 8(
1145 1432 1208 1475 M
1203 1431 1342 1495 ogolum
1356 1446 1458 1493 gens
1473 1444 1721 1493 nomenque

76 1520 100 1549 a
119 1503 273 1549 Turcis
284 1501 427 1549 fluxit.
460 1501 632 1548 Tertius
654 1498 888 1565 Mogolum
910 1501 1008 1546 Rex
1037 1504 1161 1564 θίξιν,
1197 1497 1264 1545 vel
1284 1499 1428 1562 potius
1448 1504 1562 1564 Oguz
1583 1495 1694 1559 [han
1711 1533 1725 1555 ‚

74 1569 152 1619 iub
162 1590 254 1637 quo
265 1573 307 1617 in
321 1569 534 1618 Persarum
548 1568 728 1617 historiis
743 1570 906 1617 mentio
917 1567 968 1615 fit
982 1570 1282 1634 Sinarmn‚quos
1293 1565 1370 1614 fibi
1380 1565 1597 1630 subjecisse
1611 1572 1727 1632 Oguz

75 1640 338 1706 perhibetur.
378 1643 441 1689 M
436 1642 525 1705 ogoli
540 1641 669 1705 igitur
677 1638 772 1686 sunt
792 1637 853 1686 illi
872 1639 1064 1697 Tartari,
1093 1654 1202 1702 quos
1221 1638 1478 1686 occidentales
1498 1636 1567 1685 vel
1587 1636 1726 1697 Tanyn

78 1712 188 1757 Sinae
204 1723 385 1769 vocant,
403 1710 468 1757 M.
489 1709 639 1756 Paulus
658 1710 845 1756 Venetus
865 1707 1023 1773 Tangat
1037 1706 1225 1755 :Tartari
1242 1721 1385 1756 autem
1404 1705 1488 1754 ssve
1506 1705 1615 1753 Tata
1630 1707 1724 1754 sunt

77 1778 321 1827 Orientales
347 1779 469 1843 supra
486 1795 655 1826 murum
667 1778 881 1824 Sinensem
902 1776 956 1823 ad
989 1793 1103 1824 mare
1126 1777 1375 1823 Coreanum
1402 1776 1449 1822 &
1467 1776 1725 1843 Japonicum

81 1847 269 1914 protensi
279 1887 294 1908 ,
307 1865 415 1912 quos
426 1847 558 1895 hodie
572 1848 729 1896 Niuche
741 1884 753 1906 ,
782 1846 962 1895 Niulhan
972 1847 1017 1893 8(
1031 1850 1064 1893 Y
1060 1858 1235 1907 upetacas
1251 1859 1418 1893 vocant.
1456 1844 1645 1893 Annales
1658 1846 1722 1892 Si-

79 1916 272 1966 nenfium
286 1915 362 1964 sub
379 1920 475 1970 Xio
485 1916 664 1983 ingentis
679 1916 787 1963 muri
799 1929 946 1963 contra
956 1915 1155 1962 Tartaros
1166 1913 1369 1962 struftore
1380 1950 1392 1973 ‚
1406 1915 1528 1978 praeci
1533 1932 1618 1979 pue
1630 1915 1721 1960 Oc-

78 1986 354 2033 cidentalium
377 1988 515 2047 Tanyn
538 1986 605 2033 vel
628 1987 770 2052 Tangu
786 1986 1082 2032 meminerunt.
1117 1981 1254 2042 Cujus
1271 1981 1474 2030 successor
1503 1987 1722 2032 Hiaovuus

79 2056 315 2103 Tartariam
338 2055 469 2121 ipsam
484 2057 603 2121 Rege
618 2053 707 2117 ejus
733 2058 896 2104 Hieutu
911 2092 924 2114 ,
946 2052 1114 2100 Clinius
1132 2068 1292 2100 nomen
1307 2055 1493 2117 primum
1516 2053 1559 2099 in
1578 2053 1725 2099 Sinicis

81 2123 318 2172 Annalibus
331 2125 513 2171 occurrit
523 2129 764 2188 ,tuperatQ
782 2123 1023 2170 debellavit.
1058 2122 1176 2168 Tum
1195 2123 1398 2186 temporis
1418 2122 1524 2170 Sinae
1543 2121 1724 2168 coloniis

81 2206 202 2239 extra
221 2210 391 2239 murum
411 2195 453 2239 in
473 2193 708 2240 Tartariam
718 2191 865 2250 duffis,
875 2192 996 2254 Kara
1007 2191 1228 2255 Kathajam
1238 2225 1249 2247 ,
1258 2190 1371 2237 idest
1380 2194 1520 2256 nigram
1534 2194 1723 2249 Catayam,

83 2261 136 2308 ad
155 2260 467 2309 distinfuonem
488 2263 597 2309 Sinae
611 2300 623 2320 ‚
650 2278 743 2325 quae
752 2262 868 2326 flava
884 2264 1043 2319 Cataya,
1065 2257 1365 2306 condiderunt.
1399 2258 1538 2319 Hujus
1559 2262 1722 2308 Hieutu

82 2331 290 2378 Tartarici
303 2331 432 2397 Regis
444 2329 556 2377 filius
572 2329 653 2377 fuit
668 2330 759 2388 Kin
775 2365 787 2386 ,
806 2329 1006 2376 conditor
1017 2327 1108 2388 ejus
1123 2326 1309 2387 familiae,
1321 2344 1377 2375 ex
1388 2344 1473 2393 qua
1483 2327 1579 2393 post
1591 2327 1724 2376 multa

83 2399 217 2447 secula
226 2404 374 2468 Zingis
389 2399 516 2446 Chan
527 2399 756 2464 Originem
765 2397 907 2457 duxit,
916 2412 963 2445 ut
977 2397 1204 2444 Martinius
1217 2395 1405 2457 conjicit.
1442 2395 1529 2443 Sub
1540 2400 1725 2464 Impera-

86 2482 178 2519 tore
195 2470 340 2517 Sinico
353 2470 570 2532 Iveno‚qui
580 2466 855 2533 quadraginta
864 2481 960 2514 ante
972 2461 1191 2511 Christum
1202 2468 1318 2512 annis
1326 2468 1517 2532 regnavit
1526 2503 1538 2526 ,
1557 2469 1725 2515 alterius

86 2539 218 2606 Regis
233 2539 593 2604 TartariciTangu
610 2577 624 2597 ,
649 2536 812 2583 mentio
832 2535 880 2583 sit
892 2534 1153 2599 Huhanfieni.
1190 2533 1295 2580 Inde
1310 2535 1444 2582 altum
1467 2535 1521 2582 de
1541 2536 1724 2583 Tartaris

86 2605 297 2655 silentium
309 2646 322 2669 ,
352 2611 396 2655 in
412 2607 557 2655 locum
571 2623 720 2654 eorum
734 2605 869 2652 Turcis
882 2644 894 2664 ‚
931 2609 1096 2655 Hunnis
1106 2605 1152 2650 8(
1169 2600 1274 2664 [ara
1285 2600 1450 2666 shataeis
1465 2599 1725 2652 succedenti-

88 2674 186 2734 bus,
197 2673 337 2725 donec
352 2676 525 2724 tandem
539 2674 698 2723 familia
708 2678 851 2740 Zingis
863 2673 1053 2721 Chanica
1061 2674 1291 2739 Imperium
1303 2677 1349 2723 8(
1358 2690 1520 2721 nomen
1529 2674 1726 2740 Mogoli-

87 2761 185 2791 cum
203 2761 251 2791 ac
260 2747 526 2793 Tartaricum
536 2743 775 2791 instauravit
787 2780 799 2803 ,
807 2742 861 2790 de
871 2742 992 2805 cujus
1000 2759 1112 2790 nunc
1121 2754 1267 2789 contra
1278 2744 1442 2791 Sinicos
1452 2744 1727 2808 Imperatores

85 2812 206 2861 bellis
217 2812 446 2862 dicendum
463 2814 536 2862 est.

156 2885 396 2947 Imperante
410 2883 565 2931 familia
583 2886 713 2948 Sanga
723 2920 735 2941 ,
762 2884 868 2929 circa
877 2897 1034 2928 annum
1047 2878 1313 2928 millesimum
1324 2879 1658 2930 ducentesimum
1667 2878 1726 2928 se-

96 2950 286 2998 cundum
298 2952 506 3001 Tamachin
515 2991 528 3013 ,
559 2948 691 2999 dietus
711 2954 752 2999 Z
765 2969 777 2996 1
792 2970 819 2997 N
829 2969 854 2996 o
870 2966 882 2996 1
900 2969 917 2997 s
937 2954 978 2997 C
990 2967 1016 2994 Η
1028 2969 1052 2997 Α
1068 2969 1095 2995 N
1114 2988 1127 3011 ‚
1141 2949 1253 2996 Tube
1263 2952 1410 3015 Tangre'
1421 2989 1435 3010 ‚
1455 2950 1498 2998 id
1507 2949 1566 2999 est
1578 2951 1729 3015 (Regum

94 3022 207 3084 Qx,
216 3021 330 3068 vieto
345 3023 528 3087 Ungchan
547 3019 900 3069 Nestorianorum
912 3018 995 3066 five
1006 3017 1281 3067 Chataeorum
1298 3024 1434 3086 Regej
1446 3023 1520 3086 qui
1532 3021 1577 3069 8(
1590 3022 1727 3069 Iohan-

92 3109 170 3151 -nes,
185 3091 404 3155 Europaeis
421 3089 555 3157 vulgo
566 3092 768 3156 ‘Presbyter
778 3088 1007 3157 Johan11e3‚
1017 3088 1138 3153 quod
1153 3106 1235 3136 una
1248 3107 1346 3139 cum
1358 3091 1473 3139 tribu
1488 3091 1632 3153 Kerrit
1642 3092 1730 3137 Re-

1606 3155 1732 3221 ligio«.

1741 2887 1837 2919 Prima

1742 2928 1884 2960 Tartaro-

1743 2979 1804 3000 rum
1817 2969 1847 2998 in

1740 3008 1844 3040 Sinam

1741 3047 1865 3089 expedi-

1743 3097 1798 3133 tio⁴
