2150 3370
321 173 391 224 48
703 160 842 222 Pars
849 155 1014 239 prima
1033 150 1313 240 Legationis
1333 154 1599 214 Patavicae

131 1934 276 1968 Sacerdo-

130 1986 176 2009 tes
186 1979 290 2008 Prore-

129 2023 161 2060 gi
194 2019 271 2050 male

130 2071 277 2101 auguran-

130 2111 161 2134 tu
167 2114 187 2135 r.

158 2189 277 2227 Spernit

128 2239 291 2270 augunum.

593 1613 730 1668 szior
749 1609 805 1658 hic
822 1610 995 1675 Princeps
1015 1625 1179 1658 armatus
1199 1609 1374 1675 ficlminat
1387 1625 1492 1671 arcu,

661 1682 720 1726 Et
728 1679 816 1744 fert
833 1681 869 1727 in
889 1679 1023 1727 dextra
1046 1682 1118 1727 teliz
1129 1679 1285 1743 ficperbrz
1304 1698 1425 1727 manu.

589 1751 727 1796 Vefius
737 1768 823 1814 equo
837 1748 1028 1813 spumante
1048 1750 1151 1798 volat
1173 1768 1235 1797 ceu
1242 1749 1379 1815 fulgur
1395 1755 1432 1797 in
1449 1748 1585 1815 hostes.-

665 1819 814 1866 Arduus
833 1821 970 1867 ι’)ινίἔῖο
988 1819 1108 1867 νίἶὶον
1126 1818 1174 1865 ab
1195 1819 1296 1867 hofie
1314 1819 1422 1867 redit.

385 1924 532 1971 Paucis
544 1937 643 1971 ante
664 1924 880 1973 disceffum
891 1925 1040 1973 diebus
1054 1925 1234 1974 consulti
1252 1925 1427 1980 harioli,
1450 1924 1741 1991 aruspicesque
1754 1926 1882 1975 Sinici
1893 1964 1905 1987 ‚
1927 1944 1984 1976 ex

314 1991 455 2038 avium
467 1992 682 2053 intestinis,
693 1993 900 2042 stellarum
913 1994 1112 2060 positura,
1121 1993 1328 2061 similique
1337 1994 1643 2061 superstitione,
1655 1994 1807 2060 quibus
1817 1998 1986 2063 impen-

314 2059 354 2108 se
375 2060 602 2130 indulgent
616 2099 628 2122 ,
649 2062 875 2112 infaustum
893 2062 1052 2112 coelum
1066 2100 1078 2123 ‚
1106 2063 1407 2128 adversamque
1433 2065 1759 2129 expeditionem
1778 2067 1987 2131 praedixe-

315 2143 408 2177 rant
429 2150 438 2177 :
459 2129 531 2179 sed
542 2131 667 2198 spreti
679 2133 732 2180 ab
745 2133 936 2181 animoso
949 2135 1145 2199 Principe
1159 2171 1171 2192 ,
1195 2152 1294 2181 cum
1309 2134 1442 2182 victor
1454 2133 1601 2181 deletis
1610 2133 1852 2196 rebellibus,
1871 2150 1985 2185 tota-

317 2218 402 2264 que
424 2203 643 2249 Provincia
663 2206 826 2269 ngsi
845 2217 1090 2270 expugnata
1104 2240 1116 2262 ,
1135 2205 1644 2269 Tartaricumlmperium
1655 2205 1831 2251 auxisset
1844 2243 1858 2264 ,
1881 2207 1986 2273 fugai

314 2269 355 2316 se
366 2268 676 2331 subduxerunt,
685 2286 874 2320 extrema
884 2272 958 2319 fibi
968 2272 1029 2319 ob
1039 2274 1133 2320 artis
1144 2272 1221 2321 suae
1235 2276 1464 2321 vanitatem
1477 2312 1491 2333 ,
1515 2291 1568 2320 an
1586 2275 1685 2339 quia
1696 2273 1838 2321 studio
1849 2274 1984 2322 finxe-

311 2353 405 2386 rant
422 2340 682 2388 deterrendis
700 2341 775 2388 suo
795 2347 818 2390 a
836 2340 1060 2407 proposito
1081 2343 1290 2402 Tartaris,
1311 2345 1533 2390 imminere
1554 2343 1668 2390 haud
1680 2345 1862 2389 omnino
1874 2362 1982 2392 vane

310 2422 561 2456 metuentes.
597 2409 762 2458 Exarsit
771 2430 826 2458 eo
839 2413 1129 2458 vehementius
1149 2411 1365 2474 justiffima
1377 2412 1590 2459 iracundia
1604 2413 1814 2476 Princeps,
1826 2414 1871 2459 &
1882 2416 1981 2477 quia

310 2480 353 2524 in
366 2477 474 2543 ipsos
484 2478 621 2526 saevire
632 2496 720 2526 non
733 2478 1077 2544 poterat2templa
1087 2480 1361 2546 Pagodasque
1372 2480 1398 2525 s
1389 2479 1462 2526 olo
1473 2494 1594 2526 tenus
1605 2480 1922 2546 diruit‚statua1q
1928 2500 1982 2531 ue

311 2547 475 2595 exussit.
509 2550 692 2616 Jamque
711 2547 829 2614 signo
848 2548 952 2596 dato
963 2548 1153 2596 universa
1163 2551 1379 2597 Tartarica
1390 2548 1518 2596 claflis
1529 2551 1768 2596 Praetoriam
1780 2548 1981 2614 sequeba-

309 2629 391 2670 tur,
402 2634 500 2664 cum
512 2635 642 2664 omne
653 2620 904 2681 Kantonicum
917 2616 1042 2674 littuS‚
1050 2616 1241 2684 ripasque
1251 2621 1480 2666 innumeris
1494 2617 1672 2665 navibus
1687 2618 1900 2667 contestas
1921 2623 1981 2669 vi-

309 2684 502 2733 diss'emus
515 2724 526 2745 ,
544 2689 585 2732 in
599 2686 829 2751 hospitium
841 2685 991 2735 reversl
1005 2685 1153 2734 sumus.

323 2790 325 2792 -
380 2757 438 2800 Et
450 2758 654 2818 quoniam
666 2755 862 2821 frequens
874 2759 1106 2821 Proregum
1115 2757 1410 2823 Kamtonensz‘um
1422 2757 1464 2802 in
1476 2756 1802 2822 hacLegatione
1814 2761 1979 2806 mentio

308 2820 358 2867 fit
370 2857 381 2878 ,
400 2827 733 2889 operaepretium
748 2828 825 2872 erit
838 2863 850 2885 ,
860 2827 1002 2891 paucis
1013 2827 1221 2891 originem
1236 2824 1462 2890 utriusque,
1474 2826 1778 2890 fortunamque
1790 2845 1978 2875 comme-

308 2907 487 2937 morare.
519 2895 649 2939 Patria
661 2893 736 2940 illis
747 2894 924 2960 Peltingn,
934 2895 1143 2961 dignitate
1154 2898 1262 2942 inter
1276 2898 1471 2941 Proceres
1479 2896 1601 2957 primi
1619 2916 1631 2952 3
1654 2896 1806 2962 Junior
1820 2900 1977 2946 Prorex

306 2957 476 3005 senioris
493 2958 600 3006 filius
613 2964 753 3026 primo
770 2964 793 3009 a
811 2963 956 3011 nostris
970 2963 1207 3011 habebatur
1217 2998 1231 3018 ‚
1253 2980 1399 3011 verum
1410 2962 1554 3028 postea
1566 2978 1652 3010 tam
1665 2963 1872 3012 intensum
1885 2984 1975 3013 mu-

307 3030 368 3074 tui
380 3031 530 3075 amoris
541 3032 732 3093 gradum,
742 3050 871 3095 quem
884 3035 928 3080 in
939 3031 1031 3097 ipsis
1040 3031 1378 3091 observabamus,
1391 3049 1482 3079 non
1493 3032 1695 3100 (anguine
1704 3067 1718 3088 ,
1735 3032 1804 3080 sed
1814 3035 1975 3082 duriori

304 3095 554 3145 familiarum
576 3096 747 3147 fortuna
771 3115 909 3150 ortam
931 3100 1239 3159 intelleximus5
1264 3118 1363 3150 nam
1374 3101 1590 3168 utriusque
1606 3120 1757 3167 parens
1771 3102 1879 3163 jussu
1893 3107 1975 3150 lm-

1774 3185 1975 3236 peratorrs
