2114 3412
344 170 411 229 ad
420 170 735 253 &Magnum
752 167 1004 229 Tartariae
1022 170 1242 254 Sinaeque
1264 169 1305 230 C
1303 167 1492 231 hanum.
1675 189 1709 234 6
1713 195 1745 240 9

98 268 202 319 state
218 290 349 319 naves
365 270 536 318 funibus
560 283 632 316 aut
655 270 836 336 remigio
857 281 1183 335 promoventur.
1231 272 1390 320 Remos
1421 270 1545 319 instar
1568 272 1748 338 piscium

75 352 79 357 ·
100 339 175 387 sub
195 343 313 407 aquis
333 357 425 388 raro
439 338 623 386 artificio
635 340 795 405 agitant
813 362 826 400 3
845 342 951 405 saepe
961 340 1092 386 unico
1108 352 1276 388 tantum
1285 359 1405 389 remo
1415 343 1556 389 navim
1576 357 1748 408 protru«

101 408 223 459 dunt.
1744 407 1749 413 ¹

150 488 153 492 ”
167 483 321 540 Naves,
330 478 485 543 quibus
497 478 617 542 piscis
630 480 662 526 S
664 480 730 526 aul
735 517 747 539 ,
764 478 809 524 8(
829 478 978 525 sericea
987 476 1071 525 tela
1088 478 1131 524 in
1149 477 1288 526 aulam
1301 479 1607 546 Pekingensem
1616 496 1747 531 trans*-

99 563 340 615 portantur,
361 547 684 611 incomparabili
705 547 1022 613 pulchritudine
1041 549 1153 593 intus
1170 560 1381 613 extusque
1399 552 1597 598 inauratae
1617 553 1662 600 8(
1677 570 1747 601 ru-

99 618 267 664 bricatae
288 616 568 683 resplendent.
603 620 653 666 lis
663 619 822 666 cunffitae
833 618 921 667 aliae
931 618 1091 665 cedunt
1101 617 1148 663 8(
1170 618 1261 664 vela
1272 620 1516 668 demittunt.

171 689 218 734 In
233 688 456 734 Provincia
476 688 534 734 N
533 688 816 756 ayt-king‚apud
827 689 992 735 tertiam
1002 686 1284 752 metropolim
1301 691 1471 748 Sucheu,
1491 688 1624 735 multa
1633 692 1750 737 navi..

103 757 173 823 gia
191 757 244 804 ad
263 755 533 821 voluptatem
551 759 596 804 8(
612 757 766 805 luxum
780 756 1018 824 >magnifice
1037 756 1234 803 instruffla
1253 760 1530 823 reperiuntur.
1567 759 1751 817 Incredi-

101 825 197 874 bilis
216 825 451 873 multitudo
469 829 641 874 navium
656 846 772 893 ,quae
787 829 840 874 ab
851 845 941 874 uno
960 827 1011 874 ad
1023 827 1152 874 alium
1171 826 1314 875 locum
1325 830 1543 894 navigant..
1572 829 1752 878 Canales

104 899 151 944 8(
165 895 280 944 fofl'ae
298 910 388 943 tota
399 898 496 943 Sina
514 896 855 963 frequentissimae
868 934 880 957 ‚
896 911 944 944 ut
960 897 1075 945 nulla
1089 896 1178 944 fere
1189 897 1288 945 urbs
1301 897 1362 957 sit,
1371 899 1424 945 ad
1438 914 1568 963 quam
1580 915 1669 945 non
1679 915 1752 946 na-

104 968 228 1034 vigiis
246 968 457 1031 perveniri
477 967 618 1030 poffit.

100 1042 103 1045 '
170 1038 214 1083 A
236 1039 301 1083 M
294 1035 388 1083 akao
400 1034 682 1100 Pekingam,a
697 1033 890 1103 [bekiang
900 1052 999 1100 ‚per
1008 1047 1145 1083 totam
1158 1037 1332 1085 Suchuen
1346 1038 1582 1102 navigatur.
1615 1035 1755 1083 Urbes

103 1106 286 1170 integras
306 1103 444 1151 claffes
463 1104 562 1151 hinc
580 1106 679 1152 inde
696 1123 777 1170 pro
787 1107 949 1153 ancoris
967 1104 1117 1152 stantes
1134 1105 1451 1169 repraesentant,
1464 1108 1509 1153 8(
1521 1104 1616 1152 sunt
1630 1145 1644 1165 ,
1680 1108 1757 1171 qui

98 1180 242 1222 'totam
268 1175 379 1222 viam
413 1175 456 1221 in
483 1175 662 1221 navibus
694 1188 899 1240 tanquam
925 1174 1174 1221 continente
1206 1191 1305 1222 cum
1339 1175 1496 1222 familia
1530 1176 1575 1222 8(
1600 1192 1758 1240 pecore

102 1243 355 1311 transigunt.

170 1319 212 1361 <A
219 1313 311 1379 pud
334 1315 553 1379 Hangcheu
571 1316 614 1361 in
629 1313 834 1379 Clveltiang,
853 1313 966 1360 lacus
979 1329 1171 1359 amoenus
1193 1314 1225 1360 S
1226 1316 1239 1359 i
1255 1311 1314 1358 est
1325 1349 1337 1371 ,
1352 1313 1396 1359 in
1407 1330 1500 1378 quo
1509 1330 1633 1360 naves
1643 1313 1760 1377 pala-

105 1386 269 1434 tiorum
286 1381 410 1430 instar
426 1400 651 1430 aureorum
673 1382 884 1430 vehuntur
895 1410 908 1441 ‚-
943 1383 1087 1428 omnia
1102 1399 1207 1428 auro
1229 1383 1273 1428 8(
1285 1382 1457 1446 picturis
1475 1380 1760 1446 resplendent.

103 1457 158 1504 ln
170 1454 220 1500 iis
230 1452 443 1510 convivia,
453 1452 706 1499 Comoedias
716 1452 761 1497 8(
783 1453 914 1499 vitam
925 1450 1210 1515 voluptariam
1228 1451 1357 1497 securi
1369 1452 1531 1517 agitant
1539 1487 1552 1511 ,
1570 1452 1765 1517 quamvis

112 1523 308 1591 plurima:
321 1538 397 1585 per
418 1523 505 1568 haec
516 1520 778 1579 bachanalia,
789 1524 940 1568 exorta
957 1517 1219 1584 tempestate,
1229 1532 1415 1585 pereant.

177 1595 228 1640 ln
245 1594 386 1642 Folzien
401 1606 515 1639 tanta
536 1592 708 1637 navium
718 1589 979 1638 abundantia
992 1603 1066 1651 ,ut
1090 1589 1240 1637 incolae
1260 1591 1508 1654 Imperatori
1528 1591 1573 1636 in
1593 1605 1765 1656 nupero

109 1662 324 1732 Japonico
336 1660 456 1707 bello
476 1660 742 1726 promiserint
758 1660 799 1707 se
810 1663 1039 1708 Oceanum
1056 1676 1192 1725 usque
1210 1658 1264 1707 ad
1280 1660 1398 1707 littus
1414 1658 1607 1727 Japoniae
1626 1673 1767 1727 ponte

107 1730 250 1784 navali
269 1730 567 1781 consuatur-03.

179 1801 315 1866 Apud
333 1803 481 1849 Focheu
497 1799 652 1848 fluvius
671 1803 766 1848 Min
775 1799 926 1862 ,urbes
945 1799 1366 1867 ssuchi7g,Ienpi71g‚&
1380 1805 1444 1850 X
1445 1798 1574 1857 uilzeu,
1590 1807 1765 1863 praeterq

109 1872 266 1920 labitur
281 1872 444 1936 ingenti
462 1870 673 1918 celeritate
689 1907 701 1930 ‚
726 1873 771 1919 8(
787 1885 928 1918 tamen
939 1871 1107 1936 exiguis
1124 1869 1308 1934 scaphis,
1331 1885 1426 1933 quae
1442 1868 1612 1915 duobus
1628 1866 1768 1933 longis

109 1941 238 1989 clavis
265 1943 309 1988 in
325 1958 452 2006 prora
465 1942 509 1987 8(
525 1942 665 2006 puppi
682 1941 899 2005 ingeniose
909 1953 1114 2006 reguntur
1129 1976 1141 1999 ‚
1170 1938 1312 1985 secure
1330 1955 1430 1985 eum
1448 1936 1637 1985 Sinenses
1647 1937 1765 1984 navi-

111 2024 242 2077 gant,
286 2028 362 2076 per
382 2009 556 2057 vallium
575 2010 779 2057 anfractus
804 2010 851 2056 8(
876 2008 1086 2056 horrenda
1119 2009 1352 2074 praecipitia
1370 2045 1385 2066 ,
1421 2007 1495 2053 vix
1523 2008 1648 2054 unius
1682 2007 1767 2053 sca-

111 2074 210 2145 phae
226 2082 407 2145 capacia.
453 2079 636 2145 Cymbae
661 2078 742 2126 illae
766 2096 821 2125 ex
841 2092 983 2127 tenera
1001 2079 1047 2125 8(
1068 2076 1205 2125 flexili
1229 2079 1402 2125 materia
1426 2076 1624 2123 funiculis
1647 2074 1769 2123 comae'

112 2150 234 2214 pa&a
250 2151 294 2196 8(
306 2148 504 2196 flufflbus
519 2167 567 2195 ac
582 2150 686 2196 saxis
700 2148 893 2209 cedente,
907 2147 1113 2195 constant.
1147 2148 1275 2195 Unde
1291 2146 1527 2212 proverbio
1537 2145 1681 2193 Sinico
1696 2145 1765 2192 di-

113 2218 245 2266 citur:
272 2219 420 2268 Nares
431 2222 525 2281 sunt
534 2221 758 2276 chartaceae,
777 2219 1153 2285 nautaesuntferrei.
1472 2235 1475 2239 ·

185 2290 322 2336 Pirata
337 2293 458 2354 Iquon
474 2288 718 2353 frequenter
733 2287 785 2333 ad
797 2287 913 2334 littus
932 2290 1076 2337 Foltien
1087 2322 1100 2344 ,
1117 2286 1163 2331 8(
1175 2283 1339 2331 castella
1354 2286 1562 2333 Hiamnen
1579 2299 1627 2329 ac
1650 2286 1765 2330 Gan«

112 2358 178 2406 bai
210 2357 377 2406 classem
393 2359 519 2404 trium
551 2357 732 2403 millium
762 2358 935 2403 navium
966 2355 1087 2402 simul
1110 2371 1192 2418 pro
1215 2355 1377 2400 ancoris
1394 2352 1576 2398 stantem
1602 2349 1764 2400 habuit.

116 2432 294 2484 Qanta
312 2429 483 2476 navium
493 2425 704 2473 diversitas
724 2427 766 2472 in
777 2427 874 2471 Sina
885 2426 1117 2491 reperiatur
1132 2458 1145 2482 ,
1177 2440 1324 2488 quove
1339 2421 1521 2470 artificio
1541 2424 1688 2487 ingens
1704 2419 1767 2468 fa-

117 2497 328 2546 miliarum
339 2515 534 2545 numerus
552 2533 564 2555 ‚
586 2496 777 2543 clastibus
794 2493 872 2542 suis
883 2495 936 2544 de
956 2495 1057 2543 loco
1067 2494 1111 2540 in
1125 2491 1274 2540 locum
1283 2492 1544 2551 transferant,
1574 2488 1703 2538 fufius
1721 2490 1773 2540 in

120 2566 334 2635 legatione
352 2567 490 2617 nostra
503 2566 677 2615 dictum.

648 2717 829 2782 essulae
868 2716 1238 2803 Praefiflorum.

176 2849 218 2894 N
251 2847 422 2911 singulis
436 2846 611 2895 urbibus
627 2846 875 2911 quindecim
885 2860 957 2893 aut
967 2847 1119 2911 viginti
1130 2844 1234 2892 aulae
1246 2840 1542 2891 Praefestorum
1553 2857 1670 2906 ,quae
1678 2842 1769 2891 Re-

178 2917 246 2982 gia
263 2917 419 2964 Palatia
437 2918 517 2965 reft
527 2930 647 2975 runt,
665 2916 984 2981 conspiciuntur
1003 2936 1013 2962 t
1039 2916 1083 2962 in
1098 2913 1333 2963 minoribus
1352 2911 1526 2977 oppidis
1544 2912 1772 2961 minimum

129 2985 253 3044 οᾶο,
272 2984 339 3032 vel
358 3001 541 3049 quatuor
556 2986 703 3050 aequali
724 2984 1060 3047 magnificentia,
1091 2984 1162 3032 sed
1179 2983 1332 3049 dilpari
1350 2981 1644 3048 magnitudine
1663 2983 1776 3034 suut.¹

129 3057 238 3104 Tres
266 3058 311 3102 in
327 3053 589 3121 singulorum
607 3050 874 3121 frontispicio
898 3068 1036 3121 portae
1056 3091 1068 3111 ‚
1100 3054 1342 3100 marmoreis
1366 3051 1562 3099 leonibus
1581 3051 1775 3115 insigneS.

133 3127 330 3177 Maxima
345 3139 470 3191 porta
488 3124 710 3190 ipatiol'am
741 3143 880 3173 aream
898 3160 911 3185 2
941 3123 1134 3173 cancellis
1158 3125 1321 3188 gummi
1346 3119 1421 3186 [ia
1439 3121 1553 3170 illitis
1575 3119 1779 3177 cineram,

1166 3194 1180 3238 i
1217 3211 1243 3259 3
1634 3189 1782 3250 habet³
