2114 3412
347 112 416 171 acl
426 112 740 196 Magnum
755 112 1015 176 Tartariae
1032 121 1258 204 Sinaeqne
1275 123 1316 181 C
1314 119 1519 184 hiwnmz.

83 1532 347 1598 mancipium
363 1572 377 1593 ‚
411 1532 644 1579 universam
669 1529 811 1579 Sinam
831 1533 1072 1580 meretricio
1090 1532 1297 1580 comitatu
1311 1546 1535 1598 peragrant
1551 1573 1564 1593 ,
1602 1534 1645 1579 S<
1663 1532 1731 1593 ju‘

83 1602 282 1650 venculas
291 1602 517 1661 formosas,
525 1619 627 1666 quas
638 1601 662 1647 ὲ
674 1600 801 1667 plebe
811 1600 1057 1667 parentibus
1065 1599 1369 1649 eblandiuntur
1380 1620 1483 1649 auro
1494 1639 1506 1661 ,
1517 1602 1706 1651 saltando
1716 1640 1729 1663 2

79 1671 311 1732 cantando,
326 1672 501 1736 aliisque
511 1670 684 1718 lasciviis
694 1670 911 1731 erudiunt,
929 1673 974 1719 &
991 1671 1134 1731 alunt,
1145 1684 1192 1717 ut
1200 1674 1341 1736 procis
1356 1673 1556 1737 gratiores
1565 1672 1707 1721 forent
1718 1711 1731 1734 ‚

81 1740 188 1807 iplas
202 1740 288 1801 jam
304 1743 397 1789 viro
407 1753 588 1788 maturas
597 1739 764 1788 venales
783 1742 1106 1790 circumducunt
1120 1740 1361 1804 Aquarioli,
1375 1743 1449 1805 qui
1469 1741 1644 1789 sordido
1663 1742 1729 1791 lu-

81 1828 156 1858 cro
170 1811 377 1859 inhiantes
393 1823 460 1857 tot
473 1810 607 1857 scorta
626 1808 784 1857 habent
798 1849 813 1871 ,
849 1824 960 1875 quot
973 1827 1123 1858 eorum
1134 1812 1262 1858 annui
1277 1810 1434 1858 reditus
1449 1809 1604 1857 alendo
1619 1810 1724 1863 sunt.

80 1878 167 1927 Ubi
178 1895 418 1945 emptorem
435 1878 501 1926 vel
519 1878 827 1927 conductorem
841 1894 959 1927 certo
969 1881 1112 1944 pretio
1120 1893 1390 1943 repererunt,
1410 1880 1593 1926 scortum
1611 1879 1727 1928 asino

80 1948 457 2013 impofitum,facie
471 1947 603 1994 serico
619 1941 770 2007 velata,
782 1947 836 1995 ad
850 1966 950 1995 eum
961 1949 1180 1995 adducunt
1191 1985 1205 2007 ,
1220 1947 1293 1995 ubi
1305 1963 1440 1995 exuto
1451 1950 1569 1995 omni
1580 1949 1724 2013 pudo-

79 2020 175 2065 rein
186 2017 347 2065 foedam
362 2016 583 2065 libidinem
594 2018 634 2064 se
644 2017 914 2080 prostituunt.
956 2019 1097 2064 Etiam
1111 2017 1154 2064 hi
1171 2017 1346 2064 lenones
1361 2016 1596 2083 prostibula
1615 2018 1723 2066 inter

73 2087 119 2134 se
139 2087 255 2134 velut
270 2104 475 2143 mercem,
490 2099 757 2152 permutant,
784 2087 829 2133 &
848 2087 1149 2145 transcribunt,
1167 2105 1222 2133 ex
1244 2103 1423 2151 quarum
1442 2090 1724 2151 permutatio-

74 2174 131 2203 ne
146 2155 561 2221 variaesszpenumero
579 2156 774 2202 oriuntur
792 2159 919 2215 rixae,
955 2174 1012 2203 ex
1031 2174 1085 2204 eo
1105 2155 1229 2221 quod
1248 2156 1357 2203 fraus
1379 2158 1419 2203 in
1440 2174 1576 2203 merce
1592 2156 1722 2203 latue-

22 2270 27 2273 μ
75 2238 141 2272 rit.
683 2284 685 2286 ‚
1047 2282 1049 2285 ¹

141 2292 337 2341 Mendici
354 2310 442 2339 non
454 2305 540 2339 tam
558 2287 774 2356 precibus,
806 2311 937 2358 quam
948 2294 1071 2340 minis
1087 2332 1101 2352 ,
1143 2286 1190 2339 ἃ
1210 2294 1515 2340 transeuntium
1536 2291 1718 2339 vestibus
1734 2328 1771 2359 M
1775 2339 1812 2360 en
1815 2329 1843 2361 di
1847 2332 1871 2360 ci

74 2361 214 2422 affixi,
257 2361 410 2427 stipem
431 2363 625 2426 exigunt.
677 2363 733 2407 Hi
750 2361 986 2423 nebulones
1004 2379 1151 2409 omnes
1173 2361 1298 2409 foedo
1311 2362 1434 2408 vultu
1454 2398 1466 2420 ,
1501 2364 1545 2410 ἃ
1573 2360 1717 2409 detor·
1879 2356 1883 2361 ⁵

74 2435 124 2480 tis
134 2430 378 2495 mutilisque
388 2429 585 2478 membris
599 2454 611 2490 3
633 2432 797 2496 quippe
807 2431 1033 2496 infantium
1043 2429 1231 2479 membra
1245 2429 1387 2477 studio
1397 2429 1548 2478 luxant
1558 2469 1571 2490 ,
1584 2431 1629 2477 &
1641 2430 1716 2478 de-

74 2513 298 2566 torquent:
318 2499 435 2565 plcni
456 2500 624 2564 instiper
640 2499 820 2564 putridis
839 2498 1049 2547 ulceribus
1068 2536 1081 2558 ,
1114 2514 1163 2548 ut
1185 2518 1314 2547 nemo
1332 2498 1545 2564 aspectum
1564 2504 1714 2548 eorum

71 2569 229 2635 absque
240 2570 386 2616 nausea
396 2568 504 2616 ferre
524 2582 664 2632 queat.
702 2569 792 2626 Qii
814 2568 896 2616 sani
916 2570 1115 2616 membris
1126 2569 1242 2628 sunt,
1267 2571 1476 2634 capitibus
1487 2569 1714 2629 semutuO,

73 2636 191 2686 velut
205 2637 349 2685 furiosi
364 2637 534 2697 feriunt,
545 2653 659 2685 tanta
671 2637 934 2686 vehementia
945 2674 957 2696 ,
967 2640 1213 2686 utcranium
1224 2639 1428 2705 perfringi
1444 2638 1585 2685 credas
1606 2658 1615 2683 :
1638 2656 1713 2686 ne-

74 2724 159 2770 que
172 2705 226 2753 ab
239 2706 317 2753 hac
331 2707 485 2755 insania
496 2707 663 2766 ceffant,
686 2723 816 2770 quam
831 2706 897 2754 vel
908 2707 1218 2772 eleemosynam
1230 2708 1276 2753 iis
1286 2708 1467 2773 largiaris
1477 2745 1489 2766 ,
1499 2707 1566 2754 vel
1578 2708 1712 2757 abeas.

75 2777 288 2834 Qli,cum
301 2794 391 2840 quo
405 2779 552 2824 arietet
563 2815 572 2834 ,
583 2783 672 2823 non
686 2774 932 2834 habet,saxo
948 2789 1076 2841 caput
1093 2775 1203 2834 ferit,
1212 2776 1351 2823 donec
1368 2777 1634 2824 totumtuber
1648 2776 1710 2825 sit.

75 2844 163 2890 Alii
182 2843 326 2908 peetus
338 2847 426 2910 pari
442 2845 604 2893 vesania
621 2843 993 2910 horribilifiagore
1007 2881 1019 2902 ,
1042 2847 1308 2891 concutiunt.
1344 2845 1554 2892 Nonnulli
1570 2846 1712 2893 cultris

77 2910 120 2958 se
130 2911 344 2959 confixuri
361 2913 574 2974 videntur,
586 2914 660 2962 nisi
676 2913 835 2977 aliquid
852 2909 1095 2977 largiaris,&
1111 2914 1277 2962 frameis
1291 2914 1417 2960 malas
1428 2913 1714 2963 abomanabili

72 2979 222 3029 affeetu
240 2980 477 3045 perforant,
503 2999 575 3029 aut
592 2983 800 3030 securibus
810 2996 993 3030 mortem
1012 2981 1087 3029 sibi
1100 2983 1323 3030 intentant.
1359 2986 1408 3029 In
1431 2983 1584 3031 Fluvio
1600 2986 1716 3030 Cro..

73 3065 150 3097 ceo
162 3067 238 3097 nos
249 3049 425 3115 quidam
439 3054 614 3101 venti&
634 3051 951 3101 fumivendulus
962 3070 1059 3099 cum
1074 3063 1224 3116 aperto
1240 3050 1409 3110 lembo,
1432 3053 1538 3101 Sinis
1558 3053 1716 3113 Tsjam-

1107 3119 1134 3166 (l
1610 3126 1697 3183 pam
1708 3143 1722 3179 ᾗ
