2150 3370
281 174 348 229 54-
659 157 802 216 Pars
808 152 974 234 prima
993 145 1276 238 Legationis
1295 145 1564 207 Patavicae

115 2922 279 2955 Sinenfium

116 2964 262 2995 miserabi-

113 3006 147 3037 lis
156 3006 240 3038 servi-

114 3056 167 3079 tus.

297 1539 524 1586 hominum
546 1554 655 1603 opus
671 1534 731 1583 est
749 1534 920 1590 labore,'
938 1534 1167 1600 copiaque.
1206 1531 1446 1581 Sinenfium
1468 1530 1710 1580 miserabilis
1722 1531 1912 1594 servitus,
1931 1537 1977 1585 in

296 1626 426 1674 quam
447 1625 521 1655 eos
546 1625 709 1672 nupera
728 1607 1009 1653 Tartarorum
1023 1604 1267 1651 dominatio
1286 1604 1500 1667 conjecit,
1521 1602 1591 1648 hic
1601 1601 1867 1668 conspectior
1877 1606 1976 1654 fuit.

295 1680 420 1743 Ripae
433 1677 544 1724 adeo
554 1676 770 1723 interdum
779 1673 963 1742 angustae
976 1711 990 1733 ,
1010 1676 1058 1721 &
1070 1674 1316 1739 praecipites,
1328 1686 1377 1720 ut
1387 1670 1593 1719 umbilico
1605 1685 1725 1719 tenus
1733 1672 1840 1739 saepe
1858 1678 1979 1739 aquis

293 1744 495 1805 immerfi,
515 1758 588 1793 aut
615 1743 806 1811 periculo
825 1757 1022 1791 extremo
1047 1777 1061 1801 ,
1087 1741 1118 1789 si
1139 1741 1313 1807 vestigia
1331 1743 1375 1788 in
1398 1740 1575 1807 rupibus
1590 1739 1845 1809 confragosis
1861 1743 1978 1793 falle-

295 1830 400 1865 rent.
436 1818 595 1880 Neque
606 1832 709 1862 vero
723 1815 891 1861 Tartari
901 1813 1087 1859 mitiores
1097 1814 1246 1860 natura
1261 1849 1277 1870 ,
1300 1812 1376 1877 qui
1397 1812 1440 1857 in
1462 1827 1643 1876 corpora
1660 1829 1808 1859 eorum
1820 1852 1834 1873 ‚
1858 1816 1979 1878 aquis

297 1883 518 1938 stillantia,
541 1883 718 1932 fustibus
743 1882 911 1947 insuper
935 1880 1321 1928 immisericorditer
1341 1879 1589 1938 saeviebant,
1608 1895 1657 1927 ut
1677 1881 1978 1932 deficientibus

294 1954 403 2020 saepe
415 1952 569 2000 viribus
580 1954 688 1999 inter
697 1969 848 1999 eorum
859 1950 1151 1998 crudelitatem
1164 1951 1376 2015 expirent.

364 2021 651 2089 Qiolongius
663 2023 707 2067 in
719 2024 896 2068 Boream
908 2021 991 2066 itur
1004 2056 1017 2079 ,
1041 2037 1096 2067 eo
1110 2018 1321 2066 difficilior
1341 2021 1516 2067 navium
1537 2016 1716 2067 adversis
1727 2020 1980 2071 fluminibus

295 2091 526 2159 protractio
538 2128 550 2151 ,
569 2090 761 2156 nuspiam
782 2107 886 2138 vero
907 2087 1181 2136 miserabilior
1194 2091 1375 2154 quamin
1387 2089 1538 2155 asperis
1557 2088 1655 2148 illis,
1674 2091 1978 2157 praeruptisque

296 2159 516 2209 montibus
537 2159 854 2225 Saszg-won-hah
875 2158 992 2206 unde
1004 2157 1113 2206 vasta
1125 2157 1185 2205 ibi
1196 2158 1381 2206 solitudo
1399 2196 1412 2219 ,
1447 2158 1773 2225 diffugientibus
1783 2161 1978 2227 undique

295 2230 443 2278 incolis
453 2243 571 2277 metu
581 2231 811 2277 Tartaricae
826 2228 1030 2276 servitutis
1042 2247 1051 2273 :
1083 2229 1247 2294 quippe
1259 2231 1389 2275 unico
1402 2242 1569 2276 tantum
1579 2227 1806 2294 conspicua
1815 2232 1977 2297 exiguo

296 2318 413 2367 pago
426 2301 604 2347 nominc
624 2299 668 2345 K
681 2302 728 2346 O
741 2303 781 2346 E
795 2301 820 2345 S
832 2301 876 2347 U
889 2301 955 2344 W
967 2302 1006 2346 E
1019 2300 1066 2345 N
1086 2331 1101 2352 ‚
1135 2300 1202 2361 cuj
1210 2316 1254 2344 us
1266 2296 1415 2346 incolae
1428 2297 1513 2362 ipsa
1523 2297 1631 2345 facie
1643 2335 1655 2357 ,
1673 2297 1740 2346 vel
1755 2300 1975 2347 immitissi-

296 2387 416 2416 mum
428 2386 646 2433 quemque
657 2368 710 2415 ad
722 2365 1137 2415 commiserationem
1151 2385 1327 2416 movere
1335 2367 1590 2433 potuissent,
1608 2381 1656 2413 ut
1666 2364 1807 2413 autem
1821 2367 1974 2433 deplo-

297 2439 428 2485 randa
448 2439 597 2484 harum
619 2436 853 2484 incolarum
877 2438 1074 2484 conditio
1097 2435 1298 2483 lectorem
1317 2438 1451 2503 magis
1478 2438 1522 2483 in
1545 2434 1974 2497 commiserationem,

298 2525 428 2572 quam
439 2506 762 2553 admirationem
775 2519 942 2571 raperet
952 2541 964 2562 ,
987 2504 1160 2552 eosdem
1171 2504 1247 2551 sub
1256 2504 1411 2569 helcyo
1422 2507 1539 2564 vivis>
1549 2519 1596 2552 ut
1606 2506 1649 2551 in
1663 2506 1789 2552 icone
1800 2542 1813 2566 >
1822 2506 1976 2573 depin‹

296 2578 341 2622 xi
360 2573 571 2623 coloribus
582 2611 595 2635 ,
615 2589 664 2624 ut
676 2577 828 2623 merito
839 2592 937 2622 cum
950 2576 1083 2622 Poeta
1095 2572 1330 2622 exclamare
1342 2573 1478 2635 liceat,

1136 2672 1228 2737 Qs
1251 2671 1340 2716 talia
1353 2669 1475 2735 fando

562 2741 867 2803 Myrmidonum,
888 2740 1122 2803 (Dolopumve
1146 2776 1159 2800 ³
1194 2739 1348 2804 aut-dm
1367 2740 1465 2786 miles
1492 2740 1538 2784 U
1541 2737 1637 2802 lyffit

571 2808 770 2873 Temperet
794 2809 817 2856 d
838 2811 1013 2870 lacrymis.

369 2913 501 2960 Ninus
528 2915 750 2977 Assyriorum
769 2919 854 2977 Rex
883 2952 894 2975 ,
923 2917 997 2981 qui
1020 2916 1075 2963 ad
1093 2918 1233 2964 decies
1250 2914 1399 2980 septies
1418 2927 1594 2962 centena
1615 2912 1743 2961 millia
1765 2916 1976 2980 peditum,

296 2983 505 3046 Equitum
517 2983 644 3030 millia
655 2984 840 3032 ducenta
852 2984 1045 3033 adversus
1056 2986 1294 3033 Bactrianos
1303 2987 1347 3031 in
1357 3001 1556 3049 campum
1568 2983 1786 3049 produxit.
1806 2987 1975 3050 Regina

298 3053 513 3098 Semiramis
529 3086 540 3108 ‚
563 3069 656 3115 quae
677 3067 826 3100 contra
853 3054 1108 3101 Staurolmtem
1130 3055 1326 3120 peditum
1346 3052 1435 3100 fere
1459 3052 1597 3099 decies
1616 3066 1795 3100 centena
1822 3052 1977 3115 millia,

296 3121 506 3185 Equitum
528 3119 656 3169 millia
682 3121 864 3170 ducenta
899 3125 945 3171 in
972 3122 1135 3171 bellum
1161 3124 1337 3171 armavit
1356 3160 1370 3182 ‚
1403 3130 1571 3175 Xerxes
1607 3121 1819 3170 Persarum
1849 3124 1974 3182 Rex,

1901 3194 1975 3256 qui

2102 1847 2139 1860 ,ἑ
2111 1737 2142 1838 3.AE

2129 2162 2134 2170 -
2123 2146 2133 2155 =
2122 2061 2139 2140 rste·
2119 1918 2142 2048 atq-⁰9-
2124 1886 2140 1910 a
