2114 3412
161 1515 273 1578 Sago
282 1511 386 1560 infra
397 1525 589 1562 ventrem
598 1531 654 1564 ex
660 1513 796 1562 crudis
806 1515 955 1563 ovium
966 1513 1203 1575 velleribus,
1216 1513 1310 1562 lana
1321 1512 1574 1562 extrinsecus
1582 1512 1745 1578 conspi-

93 1600 171 1629 cua
192 1582 515 1647 propendente,
534 1583 691 1650 absque
716 1586 888 1631 manicis
906 1621 919 1644 ‚
939 1584 1110 1632 indutus
1131 1621 1144 1643 ,
1170 1584 1284 1631 nuda
1305 1583 1359 1631 ab
1380 1584 1564 1631 humeris
1577 1582 1749 1631 brachia

6 1663 9 1722 j
91 1649 348 1715 lacertosque
360 1651 596 1700 ostentabat
607 1690 620 1712 ,
636 1652 798 1718 pileolo
809 1655 1044 1712 Tartarico‚
1052 1651 1169 1714 cujus
1179 1671 1234 1700 ex
1246 1651 1469 1701 Zabellina
1480 1650 1591 1717 pelle
1601 1669 1750 1721 margo

7 1728 8 1737 ¹
92 1719 255 1785 aliquot
265 1719 499 1786 digitorum
509 1720 730 1770 latitudine
741 1759 754 1782 ,
774 1740 884 1787 apex
892 1721 986 1788 pilis
997 1724 1160 1787 equinis
1175 1758 1187 1782 ,
1207 1721 1360 1787 quibus
1370 1724 1413 1768 in
1424 1721 1598 1768 rubrum
1612 1719 1749 1789 singu-

92 1787 163 1835 lari
181 1802 268 1836 arte
288 1788 463 1837 colorati
476 1789 686 1838 cristarum
706 1790 829 1838 instar
840 1805 1028 1840 utuntur.
1062 1790 1176 1839 Infra
1186 1790 1288 1838 laxis
1298 1791 1351 1838 ad
1363 1789 1467 1837 talos
1478 1790 1620 1858 caligis
1630 1828 1643 1849 ‚
1663 1789 1748 1839 veli

91 1856 309 1920 cujusdam
328 1859 514 1924 imagine
534 1877 650 1907 crura
662 1859 990 1908 verberantibus.
1024 1864 1177 1907 Ocreae
1190 1873 1304 1907 tanta
1315 1859 1490 1907 crassitie
1499 1862 1544 1907 δε
1557 1860 1750 1924 pondere

92 1926 295 1974 solearum
309 1964 324 1985 ,
351 1941 399 1975 ut
411 1929 737 1977 &incedentem
748 1929 981 1983 tardarent,
1003 1931 1049 1976 &
1070 1927 1183 1977 facili
1194 1931 1375 1995 negotio
1385 1927 1566 1993 pedibus
1576 1928 1637 1974 ob
1646 1927 1752 1976 laxi-

92 2010 222 2044 tatem
234 1998 390 2054 excuti,
400 2014 447 2043 ac
457 1997 633 2046 evibrari
645 1998 823 2064 possent.
836 1998 911 2045 Ad
923 1997 1114 2044 dextram
1125 1995 1150 2062 ζ
1151 2015 1270 2045 more
1282 1994 1450 2060 Sinico)
1466 1998 1640 2044 acinacis
1650 1996 1754 2046 latus

10 2125 11 2130 1
95 2065 334 2132 gravisque,
351 2079 398 2112 ut
415 2065 592 2114 militem
613 2069 753 2133 primo
771 2066 937 2131 aspeciu
949 2084 1036 2113 non
1056 2069 1265 2134 Legatum
1275 2066 1451 2114 dixisses,
1484 2070 1642 2131 Neque
1651 2066 1753 2114 alius

0 2118 58 2206 Js
92 2136 295 2182 comitum
307 2169 319 2191 ,
338 2151 445 2199 quos
454 2135 636 2184 ducebat
647 2136 816 2184 habitus
818 2175 832 2197 ,
843 2135 912 2184 sed
922 2134 1071 2203 singuli
1083 2138 1322 2201 pharetram
1331 2136 1484 2202 sagittis
1493 2134 1752 2201 refertamssin

93 2202 215 2250 dorso
234 2200 433 2270 gestabat.

159 2275 342 2339 Legatus
362 2275 416 2319 M
427 2274 474 2318 O
489 2274 534 2318 G
547 2275 593 2319 O
610 2276 648 2320 L
660 2275 704 2321 U
716 2276 770 2319 M
789 2276 931 2322 tunica
950 2272 1131 2321 coerulea
1152 2291 1255 2321 auro
1266 2276 1429 2339 rigente
1443 2273 1496 2320 ad
1508 2271 1612 2320 talos
1621 2271 1752 2337 usque

92 2341 260 2389 indutus
273 2376 285 2396 ,
302 2340 395 2389 laxa
409 2355 505 2389 toto
516 2359 696 2407 corpore
708 2376 719 2398 ‚
738 2341 814 2388 nisi
825 2356 1032 2406 quatenus
1052 2342 1227 2408 cingulo
1236 2341 1364 2388 serico
1375 2341 1755 2408 constringebatur,

93 2410 116 2456 a
137 2428 219 2475 qua
238 2409 406 2475 pretiosi
425 2411 549 2457 flocci
561 2409 900 2475 propendebant.
937 2413 1074 2457 Crura
1086 2412 1218 2457 ocreis
1235 2429 1290 2457 ex
1311 2413 1431 2457 corio
1442 2413 1632 2458 Turcico
1652 2428 1753 2457 con-

93 2480 220 2525 cinnis
231 2513 244 2533 ,
259 2494 388 2545 caput
399 2478 636 2527 Tulbando
650 2477 899 2527 versicolore
917 2481 1061 2546 magni
1083 2481 1206 2545 pretii
1229 2479 1359 2527 tetius
1380 2495 1479 2528 erat.

162 2550 360 2603 Quicum
372 2563 496 2596 tantae
509 2547 810 2615 magnitudinis
830 2549 1099 2595 adamantem
1117 2549 1240 2612 juxta
1262 2563 1328 2596 tot
1347 2547 1470 2596 libras
1487 2547 1634 2614 lapidis
1653 2548 1753 2594 coln»
1792 2559 1921 2599 Legatus

94 2616 185 2662 brim'
207 2621 344 2681 Magni
364 2619 495 2664 Chamo
517 2619 637 2665 dono
648 2616 844 2675 dedisset,
870 2619 973 2664 mira
984 2617 1039 2664 de
1058 2619 1247 2665 inaudita
1258 2618 1530 2665 multitudine
1542 2620 1695 2682 pariter
1706 2635 1753 2663 ac
1770 2602 1924 2673 ἕυῖᾙζ

93 2685 385 2750 magnitudine
405 2688 679 2734 adamantum
712 2688 853 2750 M'agni
877 2689 940 2732 M
933 2688 1051 2751 ogonis
1078 2686 1330 2751 praedicabat
1353 2723 1364 2745 ,
1396 2705 1444 2734 ac
1464 2685 1494 2732 si
1514 2685 1751 2734 universum
1767 2683 1918 2756 gghggffi

97 2755 304 2801 mundum
323 2755 366 2799 in
388 2755 676 2802 adamantibus
694 2755 920 2819 possideret
939 2777 952 2814 3
972 2770 1019 2801 ut
1038 2757 1083 2803 8<
1110 2756 1166 2802 de
1183 2757 1336 2803 virtute
1359 2754 1506 2820 lapidis
1534 2758 1755 2818 Serpentini,
1770 2777 1809 2799 no
1818 2737 1921 2801 rpefem

96 2838 226 2884 quem
237 2823 387 2885 partim
397 2823 626 2871 naturalem
639 2826 682 2871 in
696 2827 919 2889 Serpentes
929 2838 1175 2870 concretum
1185 2850 1197 2880 ,-
1210 2827 1363 2889 partim
1375 2842 1430 2871 ex
1441 2826 1559 2871 variis
1568 2842 1756 2872 veneno-

95 2888 234 2936 sorum
246 2889 768 2957 animaliu1n‚potissi1nu1n
784 2891 905 2953 hujus
915 2890 1078 2939 colubri
1091 2891 1210 2955 pilosi
1220 2928 1232 2950 ,
1243 2893 1560 2941 transmutatum
1582 2895 1603 2940 a
1615 2894 1757 2941 Ἐνιπεῦ»

99 2959 261 3006 manibus
273 2960 315 3004 in
325 2962 590 3022 quorundam
600 2964 701 3008 certi
712 2963 874 3027 generis
885 2964 1137 3025 Serpentum
1148 2962 1355 3026 capitibus
1365 2962 1642 3010 adinventum
1654 2964 1760 3011 refe-

99 3026 258 3074 rebant.
292 3025 455 3074 Colore
476 3046 657 3076 marmor
675 3032 897 3096 adaequans
910 3067 922 3089 ,
943 3029 1014 3076 sed
1038 3031 1167 3094 magis
1185 3030 1238 3076 ad
1249 3029 1447 3097 glaucum
1458 3030 1525 3079 vel
1537 3030 1760 3079 caeruleum

99 3110 310 3162 vergente.
342 3097 606 3145 Antidotum
624 3100 705 3146 toti
726 3100 816 3148 fere
836 3099 967 3147 India:
980 3135 992 3158 ,
1010 3101 1055 3146 &
1069 3100 1223 3146 Chinae
1234 3098 1438 3149 usitatum.
1477 3101 1617 3165 Cujus
1628 3118 1761 3164 expe-

1018 3171 1061 3216 V
1571 3171 1761 3217 ricntiam
