2114 3412
338 147 408 208 {td
418 147 737 232 Magnum
749 145 1011 209 Tartariae
1030 147 1257 234 Sinaeque
1273 146 1523 213 Chamum.‘
1679 157 1717 218 ‘6
1725 176 1752 228 ‘3

101 248 283 302 aedificia
297 262 385 297 arte
403 249 448 296 &
464 247 782 315 magnificentia
804 250 1013 316 superans,
1051 249 1243 299 Condita
1266 251 1424 302 dicitur
1448 254 1494 301 in
1508 256 1759 312 memoriam

99 321 320 385 cujusdam
333 318 518 367 mulieris
529 336 644 383 ‚quae
662 331 864 385 tanquam
883 319 1074 369 venefica
1089 319 1142 367 ad
1162 334 1347 371 mortem
1361 323 1566 372 innocens
1583 324 1756 376 damna·-

101 408 145 440 ta
156 430 170 452 ,
183 387 388 438 miraculo
404 388 563 435 arboris
579 389 745 454 punieae
756 427 769 450 ,
783 389 835 436 ad
846 406 991 455 preces
1010 389 1103 451 ejus
1116 388 1274 438 fructus
1288 406 1466 457 repente
1480 394 1757 459 producentis

102 460 276 512 liberata
290 458 374 505 fuit
384 494 397 517 ,
408 457 522 505 unde
535 458 658 505 turris
677 466 742 510 X
743 461 895 508 eleuhoa
904 496 917 520 ‚
943 458 988 505 id
1001 458 1061 507 est
1074 463 1411 528 Granatorumflos
1422 462 1589 513 dicitur.

169 533 217 579 In
235 524 430 592 [hekiang
446 526 553 575 urbe
571 529 796 595 Hasggcheu
806 568 822 590 ‚
849 542 1034 594 quatuor
1052 543 1183 578 turres
1201 548 1362 579 novem
1378 534 1755 600 contignationum

104 601 219 659 sunt3
234 598 278 643 &
292 598 336 643 in
346 596 509 662 duplici
522 598 678 645 vertice
688 601 846 647 montis
862 600 1090 667 Fungboang
1102 599 1197 646 duae
1208 613 1342 648 turres
1357 618 1517 650 novem
1530 607 1752 672 contigna-

100 673 272 719 tionum
290 684 389 713 cum
403 666 569 732 templo
587 666 660 715 est.
702 670 750 716 In
770 667 877 716 urbe
913 670 1121 719 Niencheu
1138 673 1264 720 turris
1282 671 1446 736 septem
1465 673 1754 740 contignatio*

100 758 205 790 num
222 736 297 785 est.

167 805 304 873 Apud
322 803 471 853 urbem
483 810 529 854 V
526 807 662 854 encheu
676 824 799 854 mons
810 809 964 868 Paocai,
977 808 1020 856 in
1035 806 1157 870 eujus
1167 809 1331 877 vertice·
1342 810 1463 857 turris
1481 827 1640 865 novem
1649 816 1755 864 con?

99 878 388 946 tignationum
403 874 478 935 est,
489 875 643 941 pharos
661 878 1119 944 praeternavigantium.

618 1029 812 1091 essrcm
853 1028 1216 1114 Triumphales.

99 1155 326 1270 HAud
353 1158 580 1205 minimum
611 1155 788 1204 urbibus
806 1171 1106 1206 ornamentum
1129 1159 1411 1225 triumphales·
1433 1178 1550 1208 arcus
1565 1180 1621 1209 ex
1645 1181 1753 1213 mar*
1780 1205 1782 1207 .

222 1245 344 1276 more
360 1229 406 1274 8<
425 1225 539 1275 sedeo
556 1226 698 1292 lapide
718 1224 870 1292 insigni
890 1226 1071 1275 artificio
1086 1227 1132 1274 &
1155 1229 1492 1295 magnificentia,
1510 1233 1756 1283 conciliant.

98 1298 334 1364 Eriguntur
348 1299 393 1346 in
406 1295 517 1345 bene
536 1295 590 1343 de
611 1297 744 1362 patria
764 1299 1015 1345 meritorum
1030 1296 1240 1346 honorem
1272 1317 1320 1347 ac
1343 1298 1524 1366 gloriam
1541 1338 1553 1360 ,
1585 1299 1669 1348 {ive
1692 1301 1757 1350 illi

98 1366 373 1434 Magistratus
388 1404 402 1427 ,
424 1369 538 1413 cives
556 1379 628 1413 aut
647 1365 803 1413 eruditi
821 1365 914 1414 sint.
950 1365 1209 1432 Plerumque
1227 1369 1271 1414 in
1295 1368 1641 1435 frequentiffimis
1662 1371 1757 1437 pla-

99 1438 177 1483 teis
198 1439 244 1484 &
266 1439 309 1483 in
328 1435 455 1495 foriS,
486 1435 561 1482 ubi
577 1435 786 1483 maximus
803 1433 959 1501 populi
974 1437 1222 1495 concursuS,
1244 1439 1496 1486 excitantur.
1532 1439 1602 1486 Ex
1620 1443 1757 1491 tribus

97 1505 293 1554 constant
306 1506 746 1553 concamerationibus
756 1505 945 1563 majorin
957 1504 1103 1552 medio
1119 1543 1132 1565 ‚
1146 1505 1241 1553 duae
1250 1506 1434 1555 minores
1444 1505 1498 1554 ad
1513 1506 1654 1571 latera,
1663 1510 1758 1559 Ιςο..Ι

97 1574 225 1623 nibus
245 1578 291 1624 &
310 1575 400 1622 aliis
415 1572 669 1642 imaginibus
680 1613 693 1634 ‚
709 1572 983 1636 draconibus,
999 1573 1179 1623 floribus
1194 1575 1387 1641 undique
1396 1589 1627 1628 exornatae.
1664 1579 1757 1629 Ubi

100 1646 304 1713 imagines
321 1643 474 1692 desunt
491 1681 504 1703 ,
535 1645 631 1693 saxa
658 1643 871 1710 perforata
886 1644 932 1693 &
956 1643 1089 1692 veluti
1106 1658 1266 1708 catenae
1284 1648 1406 1696 variis
1420 1646 1536 1713 spiris
1559 1648 1757 1699 involuta

98 1728 321 1781 apparent.
368 1715 511 1762 Totus
536 1732 652 1762 arcus
671 1715 716 1761 in
735 1726 816 1762 tres
826 1716 1172 1781 contignationes
1191 1715 1423 1775 dividitur3
1442 1718 1616 1765 retro&
1630 1732 1758 1769 antro

96 1785 251 1833 eadem
269 1782 408 1832 forma
421 1801 470 1831 ac
483 1783 693 1851 elegantia
716 1786 896 1834 omnino
911 1783 1033 1833 fimili
1048 1822 1063 1846 ,
1086 1798 1136 1833 ut
1153 1803 1211 1835 ex
1226 1800 1407 1853 utraque
1425 1800 1548 1852 parte
1567 1788 1757 1840 eundem

98 1869 245 1903 arcum
259 1867 303 1902 te
320 1852 465 1901 videre
482 1854 636 1904 credas.
674 1853 858 1919 Singulae
879 1856 1228 1922 contignationes
1239 1857 1476 1923 ‚zophori5‚
1490 1858 1761 1907 mannoreisl

98 1939 186 1987 que
203 1923 408 1991 epistyliis
426 1941 474 1970 ac
488 1922 765 1973 coronidibus
781 1923 998 1984 diffinitae,
1019 1940 1250 1975 exornatae.
1284 1929 1332 1975 In
1350 1928 1576 1974 cacumine
1590 1925 1667 1973 sub
1682 1928 1759 1976 au-¹

98 2009 175 2040 reo
191 1993 308 2041 tefio
327 1993 473 2040 saxum
488 1993 749 2052 coeruleum,
780 1995 850 2040 eui
868 1995 1001 2041 aureis
1026 1994 1157 2042 literis
1191 2014 1352 2044 nomen
1376 1997 1645 2061 Imperatoris
1662 2015 1755 2062 quo

99 2078 303 2127 regnante
321 2084 334 2121 3
370 2064 414 2109 in
448 2064 595 2110 medio
623 2062 770 2109 saxum
787 2062 964 2128 planum
990 2064 1211 2130 latumque
1224 2082 1325 2113 eum
1357 2067 1536 2113 nomine
1547 2104 1561 2125 ‚
1596 2068 1753 2130 patria,

99 2129 308 2195 dignitate
327 2131 522 2178 laudibus
540 2135 585 2180 8<
602 2134 806 2179 encomiis
826 2132 918 2194 ejus
929 2135 1002 2180 ‘cui
1018 2151 1136 2181 arcus
1151 2135 1371 2185 excitatus.
1404 2137 1451 2182 In
1466 2132 1659 2201 [hekiang
1674 2137 1751 2182 Cio

99 2200 229 2247 vitate
249 2201 472 2267 Hangcheu
490 2240 502 2258 ‚
518 2201 602 2248 ssve
624 2204 781 2270 Qinsai
795 2202 942 2266 paffim
961 2202 1062 2250 tales
1078 2221 1193 2252 arcus
1206 2206 1252 2252 &
1271 2206 1315 2253 in
1326 2207 1450 2254 unica
1468 2204 1633 2269 platea,
1653 2222 1749 2269 qux

98 2288 234 2334 magna
247 2270 403 2317 dicitur
413 2307 427 2329 ,
442 2270 582 2335 plures
592 2273 767 2318 trecenti
786 2285 1070 2321 numerantur.
