2114 3412
83 1572 423 1645 Qffife's‘iffifi}
436 1576 628 1633 se-cfindis
649 1580 909 1633 luxuriantes
926 1580 1016 1648 eyn}
1026 1579 1161 1634 cotun
1176 1578 1260 1650 pio
1269 1582 1704 1652 lechythoitfbalne'i&
1713 1585 1738 1644 ’,“

82 1658 133 1704 8(
148 1658 296 1705 vivum
306 1654 514 1704 animalin
532 1655 703 1703 theatris
714 1654 777 1703 usi
794 1655 963 1706 fuerint.
999 1655 1128 1704 Unde
1137 1655 1326 1705 au&ores
1343 1655 1398 1704 de
1415 1656 1551 1721 prima
1560 1655 1731 1705 Rhinoa

82 1728 231 1775 ceratis
250 1726 295 1774 in
305 1726 525 1791 Europam
535 1725 855 1774 introduffione
873 1727 1046 1774 variant.

156 1798 235 1844 Per
249 1795 485 1843 universam
497 1790 692 1863 Chekiang
699 1796 852 1862 Tigres
863 1822 875 1854 ‚-
903 1794 973 1843 sed
988 1797 1033 1842 in
1041 1807 1189 1843 monte
1201 1795 1400 1858 Kiucheu,
1410 1794 1658 1845 hominibus
1668 1796 1735 1845 in«

86 1867 225 1927 noxii,
235 1867 280 1913 &
296 1865 328 1912 fi
342 1883 436 1931 quae
453 1866 714 1930 feraeiTigres
731 1867 775 1913 in
785 1865 900 1913 hunc
909 1878 1103 1915 montem
1114 1864 1370 1924 deferantur,
1378 1865 1683 1915 mansuescunt.

153 1937 286 1983 Variis
305 1937 411 1982 Sinae
422 1935 526 1982 locis
536 1929 721 1983 Elefanti
740 1952 920 2000 quoque
933 1935 1202 2000 reperiuntur
1211 1971 1223 1994 ,
1233 1934 1302 1983 sed
1317 1934 1474 1999 optimi
1485 1936 1529 1981 in
1543 1935 1735 1999 Nanking
1749 1959 1894 2003 Elephas

87 2005 134 2051 8(
151 2010 311 2056 Iunnan.
350 2005 405 2051 Et
419 2005 624 2069 quoniam
639 2003 791 2052 animal
816 2005 900 2052 hoc
928 2008 1056 2052 etiam
1080 2005 1301 2069 Europaeis
1324 2004 1587 2051 notiffimum
1605 2003 1665 2051 est
1686 2018 1736 2053 ac

88 2073 322 2122 multorum
332 2072 511 2138 prolixae
520 2073 574 2138 de
589 2091 644 2120 eo
656 2073 958 2139 descriptiones
969 2086 1121 2123 extant
1132 2112 1146 2133 ,
1171 2090 1306 2138 pauca
1322 2085 1488 2120 tantum
1507 2072 1561 2120 de
1583 2091 1639 2121 eo
1653 2088 1735 2122 tra·

89 2142 237 2191 demus
247 2179 259 2202 ,
275 2143 431 2190 omissis
442 2160 537 2207 quae
551 2157 598 2189 ut
622 2144 822 2208 ambigua
840 2142 980 2190 adhuc
994 2142 1275 2208 disputantur.
1309 2143 1476 2188 Omnes
1493 2142 1589 2189 sunt
1601 2144 1710 2209 nigri
1721 2180 1735 2203 a

90 2212 348 2278 AEthiopicis
372 2213 560 2276 exceptis
583 2231 592 2257 :
629 2211 776 2259 album
798 2215 896 2260 Rex
919 2211 1136 2277 Narsingae
1161 2211 1323 2258 habuit.
1357 2213 1482 2257 Cutis
1506 2211 1657 2259 rimofii
1685 2213 1733 2259 8<

90 2279 218 2328 densa
229 2280 289 2328 est
299 2319 312 2341 ,
320 2280 437 2329 unde
459 2280 635 2346 clypeos
646 2282 691 2328 &
703 2298 813 2328 arma
824 2282 984 2328 Mauris
996 2281 1040 2326 8(
1054 2282 1258 2346 Peguanis
1267 2278 1440 2345 praebet.
1477 2283 1677 2339 Qatuor
1690 2282 1736 2328 in

90 2367 166 2398 ore
176 2349 322 2398 dentes
342 2348 516 2409 habent,
533 2362 682 2415 praeter
697 2350 788 2397 duo
799 2348 868 2395 illa
879 2349 1062 2396 eburnea
1072 2366 1247 2409 cornua,
1256 2366 1350 2413 quae
1365 2350 1410 2395 in
1419 2347 1602 2396 maribus
1611 2349 1736 2397 refle-

92 2436 164 2478 xa3
176 2419 375 2468 foemellae
386 2420 429 2466 in
441 2418 576 2466 solum
588 2417 857 2484 propendula
867 2429 1032 2482 gerunt.
1067 2417 1320 2465 Inferiorem
1335 2430 1499 2465 tantum
1517 2418 1736 2468 maxillam

92 2488 201 2537 inter
215 2487 504 2537 mandendum
514 2488 908 2553 movent,superiori
926 2487 1087 2552 semper
1097 2487 1283 2537 immota.
1322 2488 1443 2534 Loco
1456 2490 1619 2534 narium
1633 2505 1736 2552 pro*

93 2555 312 2605 boscidem
335 2558 495 2605 habent
512 2556 702 2604 flexilem
715 2596 729 2618 ,
763 2575 854 2621 quo
880 2556 961 2604 vici
981 2574 1185 2603 manuum
1207 2570 1397 2604 utuntur.
1439 2557 1663 2620 Qiicquid
1682 2556 1737 2603 de

95 2625 324 2692 Elephanti
333 2626 553 2674 docilitate
563 2627 717 2672 dicitur
728 2662 739 2684 ,
754 2644 900 2673 verum
910 2625 969 2673 est
992 2645 1000 2672 ε
1024 2626 1094 2673 sed
1104 2624 1211 2672 illud
1222 2626 1344 2673 Plinii
1357 2627 1402 2672 8(
1413 2626 1567 2671 AEliani
1586 2624 1737 2673 falsum

96 2693 305 2742 inflexiles
320 2696 449 2760 pedes
465 2697 510 2743 &
528 2713 647 2743 crum
662 2694 747 2742 fine
765 2695 937 2742 flexuris
955 2694 1120 2744 habere.
1159 2694 1387 2759 Elephanti
1411 2709 1556 2741 natura
1577 2693 1737 2742 melan-

94 2763 251 2811 cholici
266 2763 360 2812 sunt
374 2764 621 2824 admodum,
635 2763 762 2811 notin
778 2778 934 2830 pavent
944 2764 989 2810 8(
1005 2763 1219 2811 insomniis
1234 2763 1498 2811 divexantur.
1517 2762 1618 2811 Alvi
1634 2781 1735 2827 pro⁴⁵

96 2832 234 2879 fluvio
252 2832 493 2897 frequenter
519 2834 712 2882 laborant
737 2835 782 2879 8<
808 2833 1023 2898 zelotypia
1051 2834 1277 2897 quotannis
1294 2832 1531 2880 efferantur.
1584 2831 1736 2878 Hostes

98 2900 189 2960 ejus
207 2901 1057 2968 suntRhinocer08,Lco,Serpens‚Tigris
1070 2937 1081 2960 ,
1092 2904 1212 2948 Porci
1223 2938 1235 2960 ,
1247 2902 1411 2950 Arietes
1427 2938 1438 2960 ,
1456 2904 1501 2949 &
1513 2902 1737 2949 Dracones

98 2988 154 3016 ex
172 2969 388 3018 coloribus
409 2971 532 3019 ruber
548 2974 594 3020 8(
610 2973 770 3038 igneus.

168 3042 216 3086 ln
237 3044 384 3088 Iunnan
393 3040 508 3105 apud
531 3039 749 3103 [ὑέων-θη,
773 3057 895 3087 mons
914 3041 1024 3088 Nulo
1036 3078 1051 3098 ,
1085 3042 1128 3086 in
1148 3057 1240 3103 quo
1252 3038 1510 3086 ferocissimae
1525 3040 1677 3105 Tigres
1693 3041 1739 3085 &
1755 3064 1872 3107 Tigsgg

101 3107 316 3173 Leopardi
336 3132 349 3167 3
384 3109 479 3156 sunt
507 3110 552 3156 8(
569 3112 611 3157 in
630 3114 862 3180 thung,
894 3108 1008 3174 apud
1029 3122 1221 3158 montem
1235 3117 1389 3172 Xepao
1405 3127 1543 3175 prope
1570 3109 1736 3157 Gucbeiss

1582 3174 1740 3223 Leoniq
