2050 3412
321 143 390 202 ad
395 145 536 214 M
538 164 713 228 agnum
729 143 981 210 Tartariae
1002 149 1043 206 S
1045 150 1222 231 inaeque
1249 146 1478 212 Chanum.
1622 173 1644 212 1
1654 173 1684 210 2
1696 188 1719 228 1

82 257 172 293 tant
187 243 460 301 dormientes,
470 241 546 289 ubi
558 243 872 311 harpagonibus
884 244 1063 307 traje&ae
1075 248 1321 311 capiuntur,
1338 265 1463 295 carne
1481 248 1596 296 dulci
1608 250 1729 299 &ina

78 310 526 377 starssvirulinaejlapida.

145 382 454 448 Reperiuntur,
467 397 560 443 quae
570 397 743 429 centum
760 384 805 430 &
821 385 1133 450 quinquaginta
1142 401 1223 431 ova
1236 422 1248 444 ,
1258 384 1353 451 pilae
1365 403 1502 451 parvae
1514 389 1726 453 magnituz·

79 453 201 511 dine,
222 449 341 500 molli
354 448 575 515 pellicula‘,
593 450 763 501 habent.
801 454 920 518 Saepe
935 453 979 499 in
989 454 1120 499 unico
1140 454 1245 502 nido
1256 457 1430 502 trecenti
1450 455 1557 520 pulli
1573 455 1725 518 jacent.

80 519 284 569 Faemellae
306 536 392 565 ova
401 518 533 566 ῃοὲὶιι
544 521 586 567 in
598 520 741 569 littore
751 520 967 587 deposita,
986 524 1120 570 arenis
1133 522 1347 583 obruunt,
1370 522 1445 569 ubi
1462 524 1569 572 Solis
1587 526 1729 574 calore

78 587 378 638 excluduntur.

146 659 192 704 In
210 661 439 724 Qangtung
457 658 572 723 apud
591 660 779 720 Kaocheu
796 660 917 725 piscis
936 658 1190 708 monstrosus
1200 659 1259 708 est
1279 674 1464 726 quatuor
1474 662 1630 721 oculis,
1652 661 1726 710 sex

79 727 262 795 pedibus
280 726 492 792 praeditus.
528 729 714 777 Sinenses
726 732 965 797 margaritas
983 747 1183 778 evomere
1203 730 1353 777 dicunt
1364 769 1378 790 ,
1403 730 1473 777 sed
1484 747 1550 777 eas
1561 730 1728 778 fortass'e

81 814 180 846 cum
193 795 336 843 ostreis
346 794 589 860 deglutivit.

147 865 282 931 Apud
302 865 483 926 Kuicheu
501 883 678 930 parvum
690 885 802 916 mare
812 871 965 930 (pesnas,
983 867 1107 933 quod
1126 886 1285 918 nomen
1296 867 1350 916 ab
1365 867 1470 916 albis
1485 870 1642 919 cancris
1660 887 1726 918 ac·

81 935 211 1000 cepit,
220 935 293 999 qui
311 935 486 997 copiose
502 935 562 982 ibi
576 938 855 1002 reperiuntur.

244 1236 545 1314 CAPUT
614 1235 1049 1315 DECIMUM
1119 1240 1579 1318 SEPTIMUM.

133 1404 261 1482 De
285 1400 820 1483 Incredibilibm
841 1404 925 1485 &⁹
955 1401 1439 1484 Admiranda
1469 1406 1687 1486 Since.

93 1574 176 1631 ,ςῖῗ
260 1569 360 1618 Ulta
381 1568 642 1618 incredibilia
662 1572 882 1634 Europaeis
903 1572 1008 1619 Sinae
1025 1571 1079 1618 de
1097 1570 1167 1617 sua
1187 1573 1365 1638 regione
1382 1583 1573 1631 narrant,
1586 1587 1729 1636 neque

93 1631 184 1700 ‘⁴2⁹{J⁸'·'
240 1663 244 1692 5
262 1639 371 1705 quin
389 1656 485 1687 vera
502 1638 825 1697 fint,dubitant.

180 1704 196 1721 ²
327 1708 462 1775 Apud
484 1713 663 1775 Hucung
676 1718 737 1761 X
740 1708 822 1776 enst
829 1746 841 1767 ,
858 1728 981 1758 mons
992 1710 1119 1773 Taipe
1135 1708 1195 1758 est
1206 1746 1218 1770 ,
1235 1713 1280 1758 in
1290 1728 1382 1777 quo
1389 1709 1603 1777 pulsatum
1616 1722 1729 1776 tym-

80 1796 241 1846 panum
255 1776 393 1826 statim
409 1777 588 1826 fulmina
608 1779 794 1826 tonitrua
813 1779 860 1825 &
879 1779 1146 1848 tempestates
1161 1793 1438 1827 commovere
1456 1779 1613 1827 dicitur
1627 1799 1639 1824 ·.
1652 1796 1733 1826 un—

78 1848 134 1897 de
149 1849 298 1913 capitis
310 1864 485 1913 poenam
495 1846 764 1913 prohibitum
775 1862 985 1915 tympano
994 1848 1053 1896 ibi
1063 1847 1287 1914 strepitum
1296 1849 1445 1898 facere.

148 1920 196 1965 In
206 1915 357 1965 eadem
375 1918 656 1965 Provinciam
668 1932 817 1966 monte
835 1922 900 1966 Lo
913 1917 1028 1984 apud
1050 1915 1570 1985 [hinnitgssepterndecim
1582 1918 1729 1983 imagi-

76 2005 151 2036 nes
159 1986 357 2036 humanae
375 1986 527 2052 abipsa
535 2000 681 2034 natura
691 1987 886 2052 effigiatae
905 1988 1019 2046 sunt,
1036 2001 1151 2035 tanta
1162 1990 1258 2035 artis
1273 1988 1564 2054 proportione
1575 2023 1589 2046 2
1605 2000 1655 2036 ut
1666 1986 1735 2033 in··'

79 2057 216 2105 tuenti
225 2054 445 2120 stuporem
456 2057 676 2104 incutiant.

144 2124 317 2172 fluvius
338 2126 430 2174 Tan
447 2124 597 2173 rubros
612 2125 743 2190 pisces
761 2124 856 2185 alit,
887 2126 965 2190 qui
984 2142 1040 2171 ex
1055 2126 1257 2176 levissima
1273 2143 1477 2192 aquarum
1496 2127 1730 2191 agitatione

77 2192 345 2261 superficiem
359 2194 649 2260 petunt‚unde
658 2193 907 2259 spefflatores
924 2192 1104 2260 piscium
1112 2197 1328 2256 ruborem,
1339 2212 1424 2259 prae
1435 2211 1588 2258 magna
1599 2195 1728 2257 copia

77 2266 212 2316 visum
221 2262 595 2321 confundentium,
614 2281 733 2328 aquae
747 2262 986 2311 attribuunt
999 2287 1012 2323 3
1047 2264 1162 2311 unde
1172 2281 1329 2310 nomen
1340 2263 1468 2314 habet
1486 2282 1495 2308 :
1512 2263 1603 2311 Tan
1611 2262 1727 2312 enim

76 2336 251 2386 rubrum
260 2332 362 2397 figni
369 2331 481 2381 ficar.

141 2408 192 2453 In
200 2410 409 2469 'Xantung
421 2400 538 2469 apud
552 2403 750 2467 Niuyng,
758 2399 871 2459 fonS,
881 2414 1010 2467 potus
1019 2400 1139 2461 cujus
1157 2401 1375 2467 longaevos
1394 2399 1508 2449 facit.

141 2476 193 2522 In
215 2473 389 2520 Suchuen
409 2488 531 2520 mons
546 2473 755 2538 Chinching,
765 2472 808 2518 in
819 2488 910 2535 quo
921 2479 984 2523 X
987 2473 1120 2537 infien,
1133 2470 1177 2518 id
1187 2470 1246 2519 est
1260 2469 1517 2522 immortales
1533 2469 1728 2526 homines

75 2542 196 2593 simul
210 2539 444 2588 conversari
459 2541 670 2590 dicuntur.

142 2615 194 2660 In
208 2615 413 2676 Huquang
428 2608 707 2660 &montibus
726 2607 841 2674 apud
859 2610 1008 2657 urbem
1023 2610 1217 2662 Xincheu
1229 2647 1241 2669 ,
1264 2604 1565 2658 altiffimisferi
1583 2606 1724 2656 homi-

76 2701 151 2733 nes
163 2683 207 2728 &
223 2673 442 2734 cuiusdam
456 2681 589 2746 Regis
606 2675 694 2725 filia
709 2679 755 2725 8<
766 2695 870 2725 cane
885 2680 1087 2745 prognati
1100 2678 1278 2745 degunt.
1305 2725 1309 2727 ,

145 2752 195 2800 In
214 2750 270 2797 N
270 2750 402 2816 ankmg
410 2748 528 2816 apud
546 2753 865 2816 Qngte,mons
878 2750 983 2813 Ling
992 2762 1123 2813 caput
1130 2749 1238 2796 inter
1248 2744 1394 2795 nubila
1404 2745 1567 2805 condit,
1577 2747 1622 2793 in
1631 2763 1724 2812 quo

77 2818 277 2889 spelunca
289 2816 350 2864 est
360 2854 372 2876 ,
382 2818 502 2881 cujus
514 2817 650 2866 aditus
660 2816 836 2865 statuam
847 2814 1058 2881 lapideam
1066 2815 1284 2879 cujusdam
1293 2813 1512 2863 sacrificuli
1522 2815 1728 2868 insaxum

77 2889 231 2938 mutati
246 2884 440 2938 ostentat.

122 2950 125 2954 λ
148 2959 201 3011 In
216 2956 398 3022 Chekiang
408 2957 523 3022 apud
542 2957 598 3006 N
598 2960 703 3023 irgpo
713 2992 725 3015 ,
748 2953 898 3003 incolae
910 2953 1012 3004 salfis
1022 2953 1126 3003 cibis
1137 2953 1247 3002 adeo
1261 2949 1536 3013 delcetantur,
1550 2966 1597 3002 ut
1613 2951 1730 3001 deiis

81 3044 159 3094 per
173 3023 408 3074 ludibrium
424 3027 551 3074 vicini
562 3025 706 3073 dicant
717 3062 729 3085 ,
745 3044 790 3073 ne
798 3025 876 3088 pcst
889 3039 1044 3073 mortem
1062 3026 1213 3091 quidem
1222 3027 1407 3088 perituros
1420 3058 1432 3084 ‚
1443 3023 1545 3090 quod
1554 3027 1639 3073 vivi
1648 3037 1729 3070 tam

74 3092 238 3162 lavgiter
252 3093 452 3159 fizliantur.

1088 3180 1119 3228 q
1598 3153 1736 3222 Apud
