2050 3412
138 1338 280 1370 Tartaro.

140 1391 202 1410 rurn
215 1392 266 1411 ve-

135 1422 220 1452 xilla.

142 2207 247 2238 Serve-

142 2258 205 2278 turn
217 2259 278 2278 rna-

142 2291 191 2330 gni
205 2290 248 2319 fa-

141 2342 165 2361 C!
172 2340 221 2361 UHt
232 2341 261 2360 ll]

141 2373 250 2402 militi-2

141 2413 271 2444 Tartari.

299 176 321 211 1
334 167 401 213 66
645 154 786 211 ‘Pars
805 147 972 208 ultima
994 149 1278 235 Legasionis
1298 152 1559 211 Patavicae

293 251 456 297 nunciis
471 248 523 296 ad
539 247 827 296 defectionem
847 247 1113 306 sollicitavit,
1142 247 1284 295 multis
1306 248 1453 313 passm
1466 247 1518 294 ad
1535 247 1671 314 ipsum
1680 248 1942 300 desciscenti-

293 318 387 396 bus,
398 317 550 384 &ipsis
563 317 771 365 Occiduis
781 320 967 365 Tartaris
982 285 1142 365 auxilia
1159 317 1297 364 valida
1311 317 1589 377 mittentibus,
1599 336 1786 397 quorum
1796 322 1945 386 impri-

297 390 374 435 mis
393 389 497 435 vires
511 395 572 439 X
572 390 679 434 wzcl
658 409 723 436 ms
738 389 972 435 metuebat
994 389 1175 452 Qippe
1189 386 1483 434 Occidentalis
1492 388 1682 435 Tartaria
1695 389 1789 436 viris
1804 391 1945 455 equis-

299 475 384 522 que
394 457 566 524 gravida
581 456 653 516 est,
666 474 764 504 cum
777 460 844 504 Oi
848 456 1017 505 ientales
1033 474 1168 521 equos
1178 473 1290 503 raros
1305 455 1600 520 invalidosque
1610 457 1791 506 habeant
1808 461 1855 508 8<
1869 477 1945 507 eo·

300 544 393 574 rum
405 526 455 573 ad
470 526 583 573 bella
597 528 767 592 copiam
786 529 840 573 ab
852 525 1206 574 Occidentalibus
1215 543 1355 574 emere
1366 541 1586 591 cogantur.

365 598 427 644 Ut
446 596 534 643 haec
554 597 705 663 Kingi
727 594 965 644 defectioin
983 594 1072 660 ipsa
1087 595 1215 642 herba
1232 596 1570 660 opprimeretur,
1602 595 1749 662 ingens
1771 598 1948 664 Pekingae

301 667 508 714 exercitus
533 680 681 713 contra
699 683 798 712 eum
817 665 956 714 missus
981 666 1077 713 fuit.
1127 664 1360 729 Simulabat
1386 666 1511 712 initio
1530 679 1692 712 metum
1715 664 1948 731 fugamque

300 736 482 801 Kiangus
493 737 538 782 &
554 736 596 781 in
608 745 805 782 extremo
821 735 992 783 suorum
1007 735 1176 800 agmine
1186 736 1563 794 currus,tormentis
1572 733 1679 783 clam
1690 748 1887 782 oneratos
1900 736 1950 783 &

299 806 483 851 Tartaris
502 803 702 852 obversos
721 805 960 869 reliquerat.
995 804 1059 851 Illi
1074 802 1338 870 fugientibus
1352 805 1497 851 acriter
1512 802 1738 852 insistentes
1749 805 1793 851 in
1808 822 1950 853 currus

299 875 509 939 impetum
526 873 597 938 spe
617 874 769 939 praedae
787 873 1032 928 siciebant
1068 871 1138 919 sed
1165 887 1477 921 tormentorum
1505 872 1656 920 istibus
1673 876 1845 940 excepti
1861 891 1951 922 ma-

298 961 426 1020 gnam
447 942 626 1009 stragem
640 956 917 1008 acceperunt,
950 929 1043 1009 iplo
1061 944 1222 1009 Kiango
1235 943 1288 991 ad
1307 943 1516 991 sonitum
1508 959 1550 990 in
1569 961 1642 990 eos
1657 944 1867 1009 impetum
1888 943 1951 992 fa·-

299 1013 436 1060 ciente
457 1031 503 1059 ac
528 1026 663 1059 totam
686 1015 817 1060 aciem
835 1013 1108 1080 profligante.
1143 1015 1257 1060 Hinc
1285 1031 1420 1062 novus
1445 1013 1620 1079 Pekhzgae
1654 1026 1789 1060 terror
1807 1012 1951 1062 :iustus

299 1084 427 1129 etiam
444 1082 555 1129 fama
571 1083 776 1147 Ktaswum,
789 1097 964 1130 centum
975 1082 1252 1148 quadraginta
1266 1084 1482 1148 equiturn,
1504 1081 1813 1147 quadringenta
1827 1081 1953 1149 pedi-

300 1164 391 1199 tum
401 1151 531 1201 millia
550 1151 624 1198 sub
649 1151 771 1217 signis
791 1152 956 1200 habere.
993 1159 1241 1217 Amavmigus
1256 1153 1300 1198 in
1319 1165 1515 1199 extremo
1534 1152 1617 1198 hoc
1642 1153 1819 1217 Imperii
1838 1155 1952 1217 peri-

301 1221 418 1281 culo,
432 1219 519 1286 ipse
533 1222 859 1286 expeditionem
868 1236 1015 1269 contra
1030 1222 1218 1287 Kiangum
1233 1258 1245 1280 ,
1279 1239 1376 1269 cum
1396 1235 1487 1268 tota
1504 1222 1782 1270 Tartarorum
1802 1222 1952 1270 militia

301 1309 396 1355 quae
416 1290 517 1338 osto
535 1290 699 1338 vexillis
713 1291 891 1349 constat,
901 1291 1100 1356 succepit.
1137 1293 1339 1349 Primum,
1354 1291 1499 1337 album
1510 1289 1587 1350 est,
1597 1289 1719 1356 quod
1731 1290 1952 1355 Imperiale

302 1360 482 1419 dicitur3
508 1357 967 1418 lecundu11],1·11brun1;
992 1361 1384 1425 tertium,nigrurn‚·
1405 1371 1626 1424 quartum,
1641 1377 1867 1425 croceum:
1887 1360 1954 1409 his

304 1429 436 1476 tribus
450 1428 610 1476 ultimis
622 1431 763 1476 Patrui
780 1431 1049 1494 Imperatoris
1061 1429 1261 1495 praesunt3
1274 1430 1460 1493 primum
1470 1442 1611 1475 autem
1622 1428 1708 1493 ipse
1719 1431 1955 1494 Imperator

302 1501 423 1566 regit.
468 1500 538 1545 Ex
556 1498 618 1545 his
635 1513 843 1563 quatuor,
862 1501 1081 1565 permixto
1096 1498 1243 1546 colore
1258 1497 1335 1544 alia
1346 1511 1531 1563 quatuor
1539 1497 1801 1557 conficiunt3
1839 1499 1956 1548 unde

300 1568 485 1634 quilibet
510 1567 628 1615 miles
644 1568 722 1615 sub
737 1586 828 1633 quo
844 1568 1007 1616 vexillo
1018 1568 1067 1617 sit
1080 1605 1093 1628 ,
1112 1571 1158 1616 &
1173 1567 1227 1614 ad
1243 1585 1339 1632 quae
1350 1567 1476 1615 castra
1491 1603 1503 1626 ,
1536 1569 1603 1615 vel
1618 1566 1672 1614 ad
1689 1584 1819 1632 quam
1838 1567 1956 1616 urbis

301 1654 465 1703 partem
476 1637 682 1686 divertere
692 1637 861 1698 debeat,
874 1638 1095 1704 cognoscit
1108 1661 1120 1698 3
1148 1637 1222 1684 ubi
1237 1636 1400 1703 semper
1409 1638 1560 1703 paratis
1576 1637 1695 1703 equis
1713 1655 1762 1685 ac
1769 1639 1892 1685 armis
1900 1636 1955 1685 ad

302 1708 466 1756 bellum
480 1708 670 1773 prompti
686 1706 890 1755 habitant.
925 1711 1042 1756 Cum
1057 1721 1199 1756 autem
1217 1708 1426 1755 exercitus
1444 1705 1510 1755 vel
1520 1707 1674 1754 cohors
1683 1706 1822 1772 aliqua
1831 1708 1955 1755 emit-

305 1777 431 1825 tenda
451 1777 510 1824 est
523 1816 536 1837 ‚
560 1778 667 1823 intra
683 1777 937 1825 semihoram
954 1778 1150 1844 expediri
1168 1776 1342 1842 possunt
1359 1778 1516 1825 omnia.
1552 1776 1726 1824 Inflatur
1743 1776 1956 1844 enimpro

305 1846 410 1895 tuba
424 1850 635 1895 marinum
655 1864 788 1894 cornu
805 1887 818 1908 ,
844 1847 924 1895 illis
942 1847 1073 1895 simile
1083 1865 1180 1913 quae
1191 1864 1269 1895 nos
1278 1845 1535 1894 Tritonibus
1552 1848 1825 1913 appingimus
1849 1868 1861 1893 ε
1896 1863 1955 1894 ex

305 1917 405 1963 loco
425 1931 564 1965 autem
575 1953 585 1975 ,
596 1934 643 1962 ac
654 1916 789 1964 modo
799 1916 905 1976 soni,
918 1918 993 1982 qui
1010 1917 1056 1964 &
1067 1935 1158 1982 quo
1168 1934 1348 1964 numero
1362 1915 1515 1964 milites
1530 1934 1577 1963 ac
1591 1916 1737 1964 Duces
1746 1915 1955 1981 procede-

305 2001 349 2031 re
366 1985 550 2032 debeant
563 1984 875 2062 ,intelligunt·
910 1985 1026 2033 unde
1043 1985 1129 2033 sine
1145 2003 1263 2034 mora
1274 1986 1406 2050 parati
1424 1985 1597 2042 adsunt,
1620 2002 1667 2030 ac
1677 1984 1884 2032 vexillum
1893 1984 1955 2032 se-

307 2069 486 2117 quentes
502 2023 680 2118 (qilod
666 2071 687 2099 a
699 2067 822 2119 tergo
832 2055 1008 2121 ligatum
1027 2072 1155 2120 eques
1171 2053 1340 2119 portat)
1349 2066 1541 2113 exeunt3
1569 2053 1668 2101 licet
1682 2053 1788 2119 saepe
1804 2068 1957 2120 praeter

307 2123 480 2170 Ducem
499 2140 546 2169 ac
561 2121 838 2187 Signiferum,
849 2141 978 2171 nemo
984 2122 1212 2188 ,quorsum
1229 2122 1472 2183 &cujusrei
1488 2123 1607 2170 cansa
1624 2123 1817 2182 ducatur,
1831 2124 1956 2172 intel-

304 2191 420 2256 ligat.
464 2174 657 2248 Quando
672 2193 951 2257 pugnandum
970 2191 1057 2252 cst,
1089 2207 1180 2240 tum
1200 2195 1386 2258 primum
1403 2209 1492 2257 qno
1515 2191 1776 2240 destinentur
1790 2210 1955 2260 cogno-

304 2260 433 2311 scunt
472 2264 691 2308 Secretum
704 2261 815 2307 hoc
808 2280 850 2308 ιιι
870 2263 1084 2310 Tartarica
1099 2262 1249 2309 militia
1274 2264 1387 2309 Sinas
1402 2279 1549 2308 omnes
1569 2261 1732 2326 semper
1743 2261 1956 2327 suspensos

306 2347 352 2376 ac
372 2332 577 2378 attonitos
594 2332 744 2377 tenuit.
780 2332 1022 2380 Cumenim
1034 2344 1230 2397 putarent
1240 2333 1438 2379 Tartaros
1449 2331 1556 2377 hanc
1577 2345 1649 2377 aut
1663 2330 1777 2378 illam
1795 2333 1958 2398 Regio-

306 2416 405 2446 nem
422 2414 567 2464 petere
578 2436 591 2459 ,
609 2399 715 2465 saepe
727 2398 849 2448 aliam
861 2401 1090 2467 derepente
1103 2401 1306 2467 petivere.
1339 2401 1447 2448 lllud
1459 2403 1586 2447 etiam
1595 2402 1638 2448 in
1649 2400 1862 2447 Tartarica
1876 2403 1957 2449 mi·

307 2469 396 2516 litia
411 2485 549 2515 rarum
561 2505 572 2526 ,
595 2469 715 2532 quod
727 2469 841 2516 nulla
851 2471 988 2518 secum
998 2471 1154 2517 ducant
1172 2470 1475 2535 impedimenta
1489 2505 1501 2527 ,
1533 2488 1610 2518 nec
1625 2470 1679 2516 de
1695 2486 1862 2516 annona
1876 2469 1958 2517 sint

307 2538 473 2585 solliciti
488 2558 497 2583 ε
517 2537 636 2585 cibus
647 2556 776 2602 quem
786 2554 999 2605 occupant
1009 2575 1020 2597 ,
1030 2539 1167 2586 satiat:
1183 2556 1307 2586 carne
1321 2538 1610 2605 utplurimum
1623 2537 1846 2586 vescuntur
1856 2573 1868 2596 ‚
1877 2556 1957 2586 nec

307 2607 329 2653 a
346 2606 568 2654 semicofi'ta
585 2607 648 2655 vel
666 2606 848 2656 semiass'a
863 2609 1093 2657 abhorrent
1108 2628 1117 2655 :
1134 2609 1206 2656 ubi
1217 2607 1296 2655 alia
1307 2608 1438 2668 deest>
1446 2607 1605 2656 occisos
1618 2624 1751 2671 equos
1761 2625 1809 2654 ac
1817 2623 1957 2655 came-

309 2674 372 2723 los
391 2691 541 2723 vorant
565 2696 574 2723 :
614 2695 688 2742 per
707 2679 846 2724 otium
860 2686 1088 2738 venantur,
1107 2696 1155 2726 ac
1174 2677 1282 2742 saepe
1302 2680 1489 2744 integros
1508 2694 1681 2741 campos
1698 2674 1765 2722 vel
1790 2691 1959 2725 montes

308 2745 571 2793 circumdant
588 2769 599 2804 3
613 2747 769 2793 deinde
785 2745 991 2812 paulatim
1005 2751 1207 2795 coeuntes
1226 2747 1329 2796 feras
1341 2750 1384 2794 in
1400 2746 1545 2794 medio
1555 2744 1758 2792 claudunt
1768 2783 1782 2804 ‚
1794 2762 1849 2792 ex
1860 2747 1958 2811 'qui-

308 2814 505 2879 bus'quot
525 2817 569 2862 8<
584 2815 869 2880 quascumque
889 2818 1042 2864 volunt
1057 2853 1070 2874 ,
1102 2817 1351 2864 interimunt
1374 2835 1383 2862 :
1421 2814 1634 2861 venaticos
1653 2815 1781 2861 etiam
1797 2813 1850 2861 ad
1869 2815 1959 2865 haec

310 2900 430 2930 canes
447 2883 796 2949 praestantissimos
808 2887 949 2945 alunt,
973 2904 1020 2933 ac
1036 2885 1235 2936 vultures,
1271 2885 1431 2934 Cubile
1442 2882 1518 2929 illis
1529 2881 1587 2929 est
1599 2883 1734 2931 solum
1753 2919 1766 2942 ‚
1789 2896 1958 2948 tapete,

309 2969 400 3016 quo
418 2954 673 3029 ephippinm
689 2969 928 3019 contegunt
942 2996 953 3015 ‚
989 2954 1194 3003 substrato
1222 2975 1232 3000 ε
1261 2956 1283 3001 ἐι
1306 2952 1531 3002 domiciliis
1552 2952 1786 3001 incolendis
1801 2952 1958 3000 abhor-

310 3036 423 3067 rent:
445 3024 624 3068 tentoria
641 2995 921 3087 pulclieiiima
943 3023 1100 3071 habent
1112 3042 1241 3088 ,quae
1261 3037 1374 3071 tanta
1386 3022 1611 3070 velocitate
1622 3039 1670 3068 ac
1688 3035 1774 3069 arte
1788 3023 1959 3087 erigunt

312 3109 334 3138 ι
330 3089 377 3138 el
394 3089 642 3156 deponunt,
654 3108 701 3138 ut
712 3092 975 3142 fesunantem
985 3095 1222 3142 exercitum
1234 3110 1322 3140 non
1336 3092 1562 3142 detineant
1602 3092 1644 3137 Si
1665 3089 1820 3139 domos
1839 3090 1957 3136 inha-

1823 3159 1958 3206 bitare
