2114 3412
354 156 377 194 1
390 149 463 196 08
711 134 851 191 Pars
869 127 1036 189 ultima
1056 128 1339 213 Legationis
1357 131 1619 189 Patavicae

1393 350 1543 357 ῌ

433 476 789 556 CAPUT
852 474 1393 556 DeclMuM
1456 460 1969 554 SExTqu

503 640 1821 724 DeANIMALIBUS.

1006 849 1308 936 Qadrupes.

358 998 455 1035 soe?
466 1011 469 1015 .

476 1023 506 1052 -χ,
525 996 607 1041 Vcs
626 1010 701 1060 per
719 993 872 1052 Sinam,
883 1005 931 1040 ut
946 993 991 1039 in
1003 990 1132 1039 Persia
1147 993 1196 1040 8(
1213 993 1422 1051 Tartaria,
1440 991 1579 1060 longis
1594 993 1813 1058 crassisque
1826 993 1992 1054 caudis,

388 1051 508 1140 ἓξὲξ
526 1079 628 1128 quas
643 1060 739 1128 post
755 1061 795 1109 se
815 1061 1006 1119 trahunt,
1026 1061 1220 1125 pondere
1236 1062 1449 1110 interdum
1472 1062 1749 1128 quadraginta
1769 1061 1991 1123 librarum,

359 1103 513 1163 ἦς’-ωδ
526 1149 649 1179 carne
662 1130 906 1178 dulcissima.

416 1200 550 1265 Apud
570 1200 684 1250 Tielzi
698 1216 832 1246 vaccae
843 1197 1054 1265 generosae
1070 1199 1233 1265 longis,
1257 1199 1390 1246 crassis
1408 1201 1454 1247 8(
1478 1201 1631 1248 cirratis
1654 1199 1817 1260 caudis,
1832 1199 1991 1267 quibus

348 1267 502 1317 milites
523 1270 651 1316 Sinici
669 1285 751 1332 pro
769 1267 924 1333 plumis
942 1268 986 1313 in
1005 1267 1226 1315 cassidibus
1241 1268 1320 1315 suis
1334 1282 1523 1316 utuntur.

416 1338 552 1401 Apud
579 1338 756 1403 Cingcheu
772 1339 818 1384 8(
834 1337 1034 1402 Tengcheu
1046 1374 1058 1396 ,
1085 1339 1127 1384 in
1138 1335 1358 1384 stomacho
1376 1353 1594 1384 vaccarum
1609 1335 1713 1401 lapis
1728 1337 1959 1408 Nieuhoqng
1976 1375 1990 1400 ‚
2061 1383 2064 1386 ,

348 1407 392 1455 id
407 1406 465 1454 est
484 1405 654 1453 flavedo
668 1421 899 1464 vaccarum,
913 1406 1013 1470 quia
1021 1404 1275 1471 plerumque
1284 1405 1417 1454 flavus
1427 1405 1501 1466 est,
1511 1406 1729 1471 reperitur.
1766 1407 1889 1456 Varia
1897 1407 1991 1470 ejus

346 1474 613 1541 magnitudo,
627 1473 736 1539 saepe
745 1491 880 1521 ovum
894 1472 1130 1523 anserinum
1141 1487 1291 1540 aequat,
1299 1492 1388 1523 non
1398 1491 1484 1524 tam
1494 1474 1705 1533 densus,ut
1715 1476 1992 1538 Bezoar,ideo
2029 1482 2031 1484 ’

347 1545 394 1592 8(
410 1543 546 1592 levior
558 1579 572 1602 ‚
594 1560 841 1609 quanquam
851 1544 1038 1591 Sinenses
1047 1544 1211 1593 Medici
1225 1561 1324 1592 eum
1342 1547 1518 1611 OEeqoaro
1532 1544 1765 1611 praeferant.
1802 1546 1992 1595 Externa

347 1614 456 1663 facie
484 1627 596 1661 creta
619 1612 759 1661 mollis
783 1616 830 1661 8(
856 1612 966 1661 flava
995 1613 1176 1662 videtur.
1223 1615 1472 1681 Frigiditate
1493 1614 1564 1662 sua
1594 1614 1806 1663 catarrhos
1840 1616 1992 1682 capitis

350 1681 558 1731 absorbet.
597 1685 771 1746 Aquam
779 1683 1013 1731 ferventem
1029 1700 1136 1730 mox
1151 1682 1327 1746 inje&us
1336 1684 1474 1733 sedat:
1494 1696 1616 1750 gutta·
1631 1683 1795 1750 frigidae
1805 1684 1991 1750 aspersus

351 1764 529 1817 vaporat
543 1751 589 1796 8(
607 1749 745 1799 statim
760 1769 912 1817 aquam
927 1752 1108 1802 attrahit,

418 1822 469 1867 In
491 1823 696 1888 Qantung
714 1819 829 1888 apud
842 1822 1013 1869 Luicheu
1030 1821 1182 1869 animal
1205 1819 1264 1867 est
1279 1857 1291 1880 ,
1324 1822 1445 1886 quod
1456 1823 1563 1870 Sinae
1574 1824 1726 1870 celerem
1745 1837 1899 1872 vaccam
1909 1839 1986 1870 vo-

350 1889 673 1952 cant,quoniam
683 1908 766 1937 una
781 1889 851 1937 die
861 1903 1045 1938 trecenta
1058 1889 1248 1937 milliaria
1265 1890 1394 1938 stadia
1411 1891 1532 1938 cursu
1544 1890 1734 1939 conficit.
1768 1894 1817 1939 In
1832 1893 1991 1938 vertice

352 1956 549 2020 oblongo
566 1955 612 2001 8(
626 1959 817 2005 rotundo
828 1975 963 2005 cornu
974 1972 1178 2007 armatum
1188 1957 1258 2006 est.

418 2026 465 2071 ln
483 2021 648 2086 Onchea
666 2039 843 2074 cornuta
859 2025 992 2073 bestia
1005 2026 1064 2074 est
1075 2063 1088 2086 ,
1102 2043 1238 2072 vaccae
1256 2027 1391 2092 specie
1403 2065 1415 2087 ,
1435 2028 1633 2075 cornibus
1659 2020 1866 2093 incapite
1882 2027 1990 2077 ebur

351 2093 497 2141 albore
516 2091 817 2157 superantibus
852 2094 988 2142 Salem
1020 2094 1251 2142 avidissime
1269 2099 1460 2161 appetit,
1478 2097 1592 2144 unde
1607 2109 1826 2145 venatores
1851 2098 1991 2146 saccos

350 2163 440 2211 salis
454 2162 494 2208 ei
511 2177 764 2226 apponunt,
787 2181 895 2228 quos
914 2177 998 2212 tam
1013 2163 1136 2211 avide
1154 2163 1382 2213 lambendo
1393 2167 1622 2232 exugit,ut
1640 2166 1702 2214 sui
1717 2164 1833 2233 quasi
1851 2165 1988 2214 oblita

351 2232 557 2279 vinciatur
577 2231 623 2276 8(
637 2233 866 2281 occidatur.

417 2304 465 2347 In
480 2299 655 2368 Kiangfi
669 2301 783 2368 apud
804 2304 1045 2370 Nanchang,
1068 2301 1158 2350 sues
1181 2320 1334 2369 magna
1346 2321 1444 2352 cura
1453 2303 1704 2370 saginantur,
1722 2322 1770 2353 ac
1783 2317 1896 2353 tanta
1910 2298 1987 2351 (οὲ

351 2387 445 2417 rum
459 2370 502 2414 in
523 2369 609 2432 ipsa
625 2371 730 2418 urbe
740 2371 973 2419 multitudo
984 2371 1059 2432 est,
1077 2386 1126 2418 ut
1140 2389 1247 2437 aegre
1263 2390 1339 2438 per
1353 2373 1510 2438 plateas
1524 2372 1713 2421 transitus
1727 2374 1862 2422 detur.
1895 2375 1987 2421 Ne-

351 2455 436 2503 que
455 2450 594 2483 tamen
614 2440 689 2488 viae
717 2454 943 2505 propterea
961 2440 1180 2488 lutulentae
1204 2440 1339 2488 fiunt:
1365 2461 1462 2490 nam
1479 2445 1623 2491 omnia
1644 2441 1842 2501 stercora,
1858 2443 1987 2490 etiam

349 2505 518 2555 suillum
534 2541 547 2563 ,
579 2508 686 2554 Sinae
706 2509 930 2575 diligenter
947 2508 1156 2575 colligunt
1173 2511 1219 2556 8(
1238 2527 1318 2574 pro
1339 2510 1445 2559 fimo
1460 2511 1513 2558 ad
1536 2510 1822 2559 stercorandos
1840 2528 1990 2578 agroe,
2070 2552 2072 2555 .

351 2575 633 2710 verliiugilzitig
648 2646 748 2693 feles
759 2646 1033 2695 candidissimi
1046 2684 1059 2707 ,
1079 2648 1284 2711 promissis
1294 2648 1388 2711 pilis
1397 2652 1441 2696 8(
1454 2646 1793 2714 dependentibus
1804 2647 1985 2698 auribuS.

352 2716 400 2760 In
410 2712 571 2760 deliciis
584 2716 799 2780 virginum
810 2715 925 2762 sunt:
948 2715 1016 2762 sed
1034 2715 1222 2763 muribus
1237 2715 1415 2764 insidiari
1427 2716 1591 2775 nolunt,
1601 2717 1722 2781 quod
1732 2718 1851 2765 domi
1864 2715 1996 2765 nimis'

353 2780 531 2829 delicate
552 2784 781 2847 pascantur.
818 2787 922 2832 Non
937 2798 1077 2832 tamen
1091 2785 1239 2832 desunt
1260 2785 1350 2832 aliae
1366 2785 1466 2832 feles
1480 2821 1493 2843 ,
1524 2802 1618 2850 quae
1638 2787 1828 2833 muribus
1845 2788 1988 2851 perni-

352 2852 461 2897 ciem
479 2850 653 2901 struunt.

420 2919 625 2982 Nuspiam
646 2921 840 2969 meliores
861 2924 906 2968 8(
924 2922 1233 2988 frequentiores
1252 2923 1368 2987 equi,
1387 2939 1513 2986 quam
1533 2924 1574 2969 in
1588 2928 1735 2971 Iunncm
1747 2925 1794 2971 8(
1814 2927 1987 2975 Suchuerz

352 2986 468 3050 apud
485 2990 551 3034 Po.

420 3056 469 3102 ln
488 3062 551 3105 X
552 3060 632 3122 enfi
640 3071 787 3107 monte
800 3065 863 3110 H
861 3062 958 3120 olan,
966 3062 1040 3127 qui
1051 3071 1235 3106 trecenta
1244 3056 1371 3107 stadia
1382 3060 1543 3110 ambitu
1553 3059 1986 3127 comple&imr,multi

1907 3131 1985 3177 feri
