2114 3412
351 157 419 219 ad
429 157 570 224 W
571 176 746 241 agnum
760 154 1021 223 Tareariae
1040 154 1266 244 Sinaeque
1283 162 1325 223 C
1324 159 1531 224 hamum.
1696 187 1718 226 1
1732 190 1764 237 9

116 262 280 313 Palatio
295 262 441 326 Regio
469 257 746 322 praesentibus
761 259 966 323 primariis
983 258 1311 325 Magistratuum
1335 261 1467 327 (olim
1483 263 1570 329 ipse
1588 274 1769 331 quoque

112 337 212 383 Rex
229 329 396 395 aderat)
410 327 608 375 sistuntur
621 367 634 388 ,
657 330 703 375 8(
721 345 886 375 novum
897 327 1041 377 thema
1066 329 1119 377 ad
1136 330 1328 377 iteratam
1352 332 1536 396 probam
1554 332 1634 381 illis
1667 354 1769 401 pro-

112 404 301 468 ponitur.
344 399 506 445 Primus
527 398 779 446 ·Doe’corum
803 396 963 461 absque
981 398 1122 445 dubio
1137 402 1311 446 tertium
1332 401 1375 446 in
1395 400 1473 445 hac
1491 402 1768 466 inquisitione

111 473 257 520 locum
271 468 434 533 accipit,
473 469 565 525 Qui
582 468 626 515 in
649 467 727 514 hac
741 466 871 514 altera
887 466 1160 532 inquisitione
1175 469 1362 533 primum
1381 469 1427 515 8(
1449 469 1680 520 secundum
1700 474 1767 521 lo-

111 558 209 589 cum
221 536 412 596 obtinet,
436 536 467 582 is
487 534 667 584 durante
677 537 786 596 vita,
819 538 964 602 primis
977 537 1256 604 dignitatibus
1272 537 1450 598 fruitur,
1485 541 1531 586 8(
1542 544 1766 607 pi-aeciptiis

111 612 156 658 in
171 608 354 673 imperio
369 604 740 673 inuniisfungitur.
778 607 887 654 Sunt
908 607 1238 666 Marchionum,
1270 621 1344 654 aut
1366 608 1546 656 Ducum
1565 609 1713 670 instar,
1734 613 1765 660 si

108 677 373 729 haereditaria
390 675 492 723 effet
510 674 721 725 succeffiO.
761 678 877 724 Mox
896 677 939 723 hi
958 675 1174 724 Do&ores
1189 677 1442 742 dignitatem
1460 690 1620 727 tantam
1640 681 1767 743 haiti,

109 745 402 814 infigniveste‚
411 744 529 811 pileo
547 783 559 804 ,
575 747 709 793 ocreis
722 782 734 806 ‚
768 747 815 793 8(
835 745 923 794 aliis
934 745 1263 812 Magistratuum
1281 746 1593 795 decoramentis
1610 759 1764 799 ornan-

110 832 192 878 tur,
208 817 261 864 ad
272 817 430 864 summa
445 815 591 864 munia
610 815 773 862 admoti
784 832 891 880 ‚qua
910 816 1171 863 Licentiatus
1186 816 1300 864 adire
1311 831 1446 864 notas,
1482 817 1610 867 Unde
1626 818 1765 868 abillis

110 901 313 952 tanquam
335 883 605 933 inferioribus
629 885 908 950 suspiciuntur
930 922 943 946 ,
984 885 1029 932 8(
1049 883 1212 946 abjecta
1230 885 1358 935 semel
1385 887 1647 934 D0&or·atus
1666 888 1767 955 spe,

109 957 386 1004 nihilominus
419 952 596 1018 insignia
629 956 675 1001 8(
708 955 923 1020 praecipua
953 956 1099 1021 Regni
1133 956 1278 1002 munia
1318 954 1626 1008 administrant,
1692 961 1766 1006 Li-

109 1039 178 1074 cet
211 1025 291 1074 ill'is
325 1023 433 1089 saepe
452 1020 633 1069 eandem
656 1036 818 1071 tentare
842 1023 975 1071 aleam
991 1061 1004 1083 ,
1036 1024 1158 1090 quod
1190 1024 1314 1071 multi
1347 1041 1498 1072 eorum
1528 1028 1764 1091 pertinacia

107 1096 269 1145 summa
292 1091 536 1157 assequendi
559 1126 572 1149 2
603 1104 677 1138 aut
695 1093 737 1139 in
763 1092 856 1138 imis
879 1091 1123 1140 subfistendi
1157 1093 1447 1157 periclitantur
1470 1121 1483 1151 ,-
1518 1096 1657 1143 decies
1690 1112 1764 1148 aut

105 1165 288 1232 amplius
318 1178 499 1221 examen
521 1200 534 1221 ,
579 1159 676 1225 post
696 1159 918 1226 improbos
937 1164 980 1208 in
1000 1160 1189 1227 legendo
1209 1161 1490 1209 &scribendo
1506 1163 1672 1214 labores
1695 1167 1762 1215 su·-

107 1235 305 1284 stinentes
321 1267 335 1291 ,
365 1230 505 1278 miseri
525 1267 537 1291 ‚
571 1229 686 1276 unde
705 1229 879 1278 tandem
911 1231 954 1278 in
981 1230 1326 1296 desperationem
1346 1230 1450 1297 lapfi
1466 1271 1481 1292 2
1504 1293 1505 1296 Ἰ
1530 1236 1662 1283 vitam
1695 1236 1760 1283 di-

105 1304 290 1365 scendo,
325 1299 529 1368 &mihil³
564 1299 670 1347 dum
688 1299 846 1350 summa
863 1301 1071 1366 cupiunt,
1105 1299 1368 1366 assequendo
1387 1339 1403 1361 ,
1440 1301 1560 1350 velut
1577 1321 1761 1369 pecora,

105 1373 331 1422 transeunt.

113 1497 118 1501 ,
174 1441 371 1500 Eodem,
405 1452 454 1487 ut
475 1440 517 1486 in
536 1439 781 1487 Licentiatis
808 1439 1004 1498 dietum,
1036 1438 1172 1488 modo
1195 1441 1323 1489 etiarn
1347 1438 1474 1501 hujus
1497 1442 1763 1493 DOEtoratus

105 1512 398 1581 promotionis
415 1508 522 1556 liber
549 1510 764 1574 impressus
790 1509 1033 1575 publicatur
1053 1549 1065 1571 ‚
1097 1508 1342 1559 nominibus
1375 1511 1623 1560 Dostorum
1654 1514 1762 1561 emi-

106 1581 347 1633 nentiffimfi
365 1579 567 1644 scriptura
582 1579 826 1644 propalatis.
881 1580 1055 1645 Insuper
1077 1580 1300 1628 annuatim
1331 1578 1434 1627 alius
1454 1579 1595 1628 adhuc
1613 1582 1762 1648 impri-

107 1649 356 1702 miturliber
366 1688 382 1711 ,
415 1651 461 1696 in
478 1665 570 1713 quo
580 1647 827 1696 Dotiorum
843 1650 1040 1707 nomina,
1072 1649 1229 1715 patria,
1260 1662 1471 1714 pareiite5‚
1485 1651 1651 1713 munia,
1666 1652 1762 1700 loca

105 1721 352 1772 officiorum
373 1755 386 1779 ‚
416 1717 567 1783 scripta
591 1717 795 1782 prostant.
841 1718 972 1766 Unde
990 1719 1174 1785 quisque
1193 1735 1249 1765 ex
1272 1717 1535 1785 inspeffione
1552 1719 1644 1781 ejus
1660 1720 1763 1769 libri

106 1790 371 1859 singulorum
393 1788 640 1836 Do&0rum
663 1788 686 1835 a
706 1790 849 1854 primo
879 1787 1174 1837 Promotionis
1206 1805 1321 1835 anno
1343 1787 1480 1854 usque
1499 1789 1553 1838 ad
1571 1791 1763 1850 exitum,

107 1851 237 1922 facia}
265 1864 311 1910 8(
330 1859 557 1926 dignitates
581 1858 668 1905 hoc
698 1857 947 1906 illoveloco
979 1857 1216 1923 perspicere
1248 1857 1421 1923 potest,
1466 1875 1515 1906 ac
1545 1873 1760 1925 quantum

107 1932 268 1981 meritis
286 1930 465 1979 creverit
479 1963 492 1988 ,
524 1940 597 1975 aut
614 1926 870 1989 decreverit,
896 1926 1019 1995 quod
1038 1925 1155 1994 apud
1171 1926 1360 1975 Sinenses
1376 1927 1760 1994 frequentiffimum

105 1999 179 2050 est.

174 2070 226 2119 Id
235 2067 606 2128 mirabile‚eodem
616 2086 729 2119 anno
739 2082 969 2136 promotos
979 2067 1255 2129 Licentiatos,—
1269 2082 1342 2117 aut
1353 2068 1568 2117 Dostores
1583 2081 1676 2117 tota
1693 2081 1759 2118 r'e·

107 2141 226 2207 liqua
235 2141 330 2189 vitae
347 2138 571 2186 funffione
590 2139 836 2188 fraterffo-fe
857 2153 1013 2188 mutuo
1031 2157 1175 2187 amore
1194 2137 1418 2204 prosequi,
1440 2157 1488 2186 ac
1509 2138 1686 2186 alterum
1697 2138 1758 2186 al-

107 2213 236 2262 terius
255 2206 487 2256 commoda
504 2207 670 2255 summo
692 2208 836 2256 studio
857 2223 1114 2274 promovere
1140 2225 1149 2254 z
1178 2225 1319 2273 neque
1342 2211 1483 2255 minor
1497 2225 1648 2255 eorum
1657 2224 1757 2272 erga

107 2278 404 2347 InquisitoreQ
424 2294 472 2323 ac
488 2277 714 2343 Magistros
732 2278 966 2324 reverentia
982 2313 994 2336 ,
1025 2275 1186 2324 etiamsi
1201 2276 1309 2343 saepe
1333 2275 1530 2342 discipuli
1541 2276 1634 2323 suos
1650 2293 1756 2342 prat-

101 2363 301 2417 *ceptores
314 2346 540 2395 altitudine
558 2347 770 2411 graduum
788 2346 1000 2410 superent.

174 2420 317 2468 Etiam
333 2414 539 2465 militibus
550 2416 681 2464 iidem
691 2415 992 2481 dignationum
1003 2413 1155 2481 gradus
1166 2413 1311 2461 collati
1321 2414 1427 2462 olim
1437 2452 1448 2475 ,
1457 2414 1615 2465 eodem
1623 2414 1726 2463 loco
1736 2453 1752 2475 ‚
1772 2432 1910 2464 Examen

110 2489 158 2536 8(
173 2506 301 2548 anno,
315 2485 386 2535 sed
401 2503 492 2536 uno
509 2486 651 2534 mense
661 2485 779 2552 post:
795 2484 878 2532 Sed
887 2486 988 2548 quia
1003 2486 1177 2531 Senatus
1186 2481 1398 2544 Militaris,
1406 2498 1636 2549 antequam
1646 2485 1757 2532 Tar-
1770 2474 1919 2508 Mffimm·

108 2560 186 2608 tari
200 2559 502 2623 irrumperent,
525 2573 677 2621 parum
697 2552 999 2613 aestimabatur,
1016 2553 1115 2601 hinc
1124 2555 1280 2601 minori
1300 2572 1464 2620 pompa
1483 2556 1529 2601 8(
1549 2566 1757 2619 apparatu

109 2628 256 2676 omnia
273 2624 595 2693 peragebantur.
636 2623 822 2690 Triplex
842 2624 1004 2672 militiae
1020 2636 1112 2670 tum
1131 2640 1325 2673 examen.
1359 2627 1408 2672 In
1431 2625 1574 2689 primo
1590 2625 1757 2687 equites

110 2698 328 2746 concitato
344 2694 466 2742 cursu
483 2712 642 2743 novem
661 2695 826 2761 sagittas
845 2693 898 2740 ad
918 2694 1096 2758 scopum
1111 2692 1384 2754 ejaculantur.
1418 2695 1468 2739 In
1483 2691 1672 2739 secundo
1685 2693 1759 2741 iti-³

109 2765 212 2814 dem
226 2782 384 2814 novem
402 2763 557 2829 sagittis
576 2763 753 2830 scopum
773 2776 928 2828 petunt
943 2802 956 2823 ,
992 2765 1037 2811 8(
1056 2765 1132 2828 qui
1152 2763 1377 2809 minimum
1396 2774 1582 2827 quatuor
1600 2761 1758 2828 sagittis

109 2852 263 2899 eques,
288 2836 332 2881 8(
353 2832 523 2881 duobus
541 2834 671 2900 pedes
686 2834 863 2897 scopum
881 2834 1047 2898 attigit,
1064 2834 1193 2880 tertio
1209 2836 1407 2880 examine
1425 2828 1665 2880 adhibetur.
1706 2833 1756 2881 In

109 2904 197 2953 hoc
206 2904 334 2950 tertio
347 2905 544 2951 examine
559 2904 700 2951 casum
708 2902 932 2950 militarem
943 2903 1100 2967 scripto
1115 2900 1329 2965 explicare
1345 2913 1554 2950 tenentur.

177 2971 347 3040 Judices
366 2989 422 3019 ex
438 2971 572 3021 tribus
593 2973 655 3020 his
688 2973 956 3020 examinibus
988 2971 1222 3019 collatione
1252 2970 1358 3019 faeta
1375 2968 1544 3035 singulis
1578 2967 1759 3019 Provim¹

111 3040 184 3090 ciis
203 3040 516 3107 quinquaginta
533 3042 698 3090 circiter
723 3044 981 3091 Licentiatos
999 3040 1215 3107 assignant.
1265 3039 1435 3088 Eodem
1451 3053 1594 3087 autem
1613 3056 1728 3086 anno
1742 3074 1757 3096 ‚

111 3127 202 3178 quo
219 3110 419 3178 Pekingae
445 3110 658 3160 D06³tores
677 3126 869 3161 creantur
893 3147 906 3174 2
936 3111 1100 3178 semper
1116 3124 1292 3162 centum
1312 3110 1466 3161 milites
1483 3128 1541 3159 ex
1559 3103 1761 3157 universo

1091 3197 1116 3227 c
1152 3196 1178 3227 2
1606 3176 1760 3225 Licen-
