2050 3412
336 164 403 228 ad
416 168 731 251 Magnum
748 161 1007 227 Tartariae
1024 171 1247 254 Sinaeque
1269 173 1310 232 C
1308 167 1513 234 hamum
1639 192 1665 238 1
1680 200 1702 245 3
1715 200 1747 248 9

634 298 962 345 ‘Tisna-Lissen}
991 300 1230 349 Marx—mi?
1253 315 1269 341 J

734 352 827 393 Vin·
868 355 1117 397 Tartan'ci.

105 1596 222 1648 mine
232 1597 327 1661 Kin
341 1597 463 1664 quod
479 1612 609 1644 aarum
626 1594 846 1662 significat.
880 1595 1135 1662 Plerumque
1153 1594 1372 1643 Domini&
1386 1593 1610 1665 poffi’ſjbres
1620 1605 1750 1642 aurem

107 1685 191 1715 rum
208 1671 386 1716 montium
406 1678 613 1715 vocantur
623 1666 786 1732 vulgari
799 1667 910 1715 inter
920 1667 1035 1713 Sinas
1045 1682 1216 1715 rumore
1224 1700 1238 1724 ,
1257 1681 1361 1712 auro
1370 1679 1514 1731 graves
1525 1665 1573 1710 iis
1584 1676 1751 1712 montes

104 1735 187 1785 effe
197 1739 245 1786 ὃς
260 1737 369 1803 ripas
380 1735 611 1784 fluviorum
621 1752 748 1802 grana
756 1753 893 1795 aurea,
902 1734 1036 1783 divite
1044 1746 1259 1800 proventu
1268 1772 1283 1794 ,
1301 1731 1584 1799 suppeditare.
1624 1730 1750 1781 Nulli

103 1809 334 1855 atrociores
348 1807 412 1855 his
425 1804 658 1854 Sinenfium
668 1803 754 1867 jam
763 1806 870 1853 olim
886 1802 1023 1852 hostes
1034 1805 1081 1851 8<
1089 1804 1288 1851 extremis
1301 1801 1471 1852 familia:
1481 1803 1631 1867 Sungae
1640 1811 1750 1868 tem-⁴

92 1936 99 1939 ‚
104 1876 289 1939 poribus
305 1877 498 1942 quinque
506 1873 698 1922 boreales
709 1875 965 1933 Provincias,
974 1877 1191 1940 Leaotung,
1201 1874 1361 1939 Peking‚
1377 1880 1442 1924 X
1443 1872 1538 1939 ansi,
1546 1877 1610 1922 X
1610 1871 1693 1938 enfi
1699 1871 1748 1920 δέ

102 1950 170 1995 X
170 1959 312 2013 antung
327 1957 644 2011 expugnarunt.
686 1946 804 1992 Cum
830 1943 934 1992 vero
953 1942 1118 1991 Tartari
1133 1941 1456 2000 occidentales,
1486 1955 1674 2005 quorum
1690 1956 1749 1986 eo

103 2024 301 2079 tempore
330 2014 559 2080 Imperium
575 2017 721 2079 Zingis
739 2013 888 2073 Chan2,
919 2026 966 2060 ut
982 2011 1105 2078 supra
1123 2010 1282 2059 &Cium
1297 2048 1311 2071 2
1333 2010 1607 2067 fundaverat,
1637 2007 1747 2055 hanc

100 2085 144 2126 O
154 2082 392 2131 rientalium
400 2084 678 2131 Tartarorum
695 2082 911 2131 fortunam
921 2082 1036 2147 aegris
1053 2079 1187 2128 oculis
1195 2081 1441 2145 aspicerent,
1453 2076 1508 2125 ab
1525 2074 1681 2125 Austro
1696 2077 1746 2124 &

94 2150 346 2210 Occidente
359 2153 402 2198 in
414 2153 554 2199 Sinam
565 2152 730 2216 impetu
738 2149 852 2198 facito
863 2191 878 2212 ,
897 2152 1096 2197 Tartaros
1111 2150 1362 2197 Niuchanos
1384 2165 1472 2194 non
1493 2147 1591 2193 Sina
1607 2144 1745 2192 modo

98 2219 380 2284 expulerunt,
392 2236 537 2268 verum
548 2221 674 2266 etiam
683 2237 757 2267 eos
771 2220 880 2267 ultra
893 2235 1062 2267 murum
1073 2218 1262 2276 insecuti,
1272 2217 1478 2279 majorem
1488 2227 1652 2279 partem
1666 2212 1742 2260 fibi

97 2287 386 2349 subjecerunt.
420 2289 482 2337 Ita
491 2286 647 2335 familia
661 2292 807 2355 Zingis
817 2288 1006 2336 Chanica
1015 2285 1179 2334 boreali
1191 2287 1300 2344 Sina,
1310 2302 1438 2351 quam
1451 2283 1646 2349 Chatajam
1662 2299 1740 2330 vo-

95 2370 211 2417 cant,
219 2358 364 2423 potiti,
373 2356 543 2405 tandem
554 2356 770 2405 australem
786 2373 963 2421 quoque
977 2369 1023 2402 ut
1033 2355 1153 2421 supra
1162 2356 1504 2413 memoravimus,
1518 2368 1741 2417 expugna-

99 2441 212 2475 runt.
259 2425 341 2476 Sed
356 2443 555 2474 cumeam
578 2424 730 2473 iterum
741 2425 838 2491 post
857 2425 1087 2489 nonaginta
1103 2441 1235 2472 annos
1247 2422 1474 2471 'amisissent
1490 2458 1503 2481 ‚
1540 2421 1741 2471 Niuchani

99 2511 251 2544 eorum
260 2495 490 2544 accessione
507 2493 762 2542 robustiores
779 2493 876 2542 facti
888 2492 1080 2555 ,tandem
1093 2493 1287 2542 ultimam
1297 2492 1406 2542 hanc
1420 2494 1464 2539 in
1475 2493 1589 2539 Sinas
1604 2506 1739 2555 expe<

95 2563 310 2612 ditionem
326 2563 604 2629 susceperunt.
1284 2619 1288 2624 .

166 2636 313 2682 Mores
326 2633 453 2692 hujus
469 2634 603 2701 gentis
618 2629 772 2681 Niuche
790 2631 890 2679 tales
905 2632 1010 2682 sunt.
1047 2631 1257 2680 Tentoria
1267 2625 1425 2678 habent
1443 2646 1500 2675 ex
1520 2627 1653 2674 serico
1667 2626 1735 2674 vel

100 2702 300 2769 goffypio
309 2702 524 2768 pellucida
541 2705 634 2749 cera
652 2700 918 2767 splendorem
930 2702 973 2748 in
993 2701 1079 2749 sole
1087 2699 1337 2762 ejaculantia
1359 2699 1405 2744 8<
1416 2696 1624 2760 simulque
1638 2695 1738 2762 plu-

102 2774 189 2820 vias
205 2771 452 2836 spernentia.
490 2774 565 2820 His
591 2787 790 2835 tanquam
808 2767 1007 2818 domibus
1031 2773 1078 2819 8<
1101 2781 1315 2834 magnates
1341 2766 1596 2814 Palatiorum
1614 2763 1738 2812 instar

103 2853 296 2890 utuntur.
331 2840 463 2887 Nulla
476 2841 607 2888 hodie
622 2839 784 2904 oppida
800 2852 871 2885 aut
889 2839 1011 2887 urbes
1028 2855 1224 2903 ‚quarum
1244 2835 1318 2884 sub
1331 2840 1456 2884 Ivena
1471 2833 1630 2882 familia
1638 2850 1738 2882 cen-

101 2920 197 2957 tum
212 2910 257 2955 8<
272 2909 424 2973 viginti
442 2924 626 2974 quatuor
643 2908 759 2956 fuiffe
769 2907 977 2967 referunt,
1005 2906 1137 2955 hodie
1161 2907 1288 2953 ruinis
1305 2917 1468 2952 tantum
1485 2901 1741 2952 eXtantibus.

99 2977 188 3026 'Per
197 2989 388 3043 patentes
403 2993 604 3043 vagantur
618 2995 804 3042 campos,
814 2990 861 3022 ut
879 2975 987 3035 fons,
1001 2989 1050 3023 ut
1061 2987 1274 3034 nemus,ut
1284 2972 1431 3038 pascua
1443 2974 1606 3038 placeat
1617 3008 1630 3028 ,
1640 2989 1741 3038 por-

104 3047 243 3095 tatiles
256 3045 396 3093 secum
405 3045 579 3094 urbesin
594 3048 784 3094 tentoriis
800 3045 1151 3104 circumferentes,
1161 3042 1563 3092 testudinuminstar.
1598 3039 1742 3104 Vestes

89 3166 93 3170 ,
107 3115 240 3183 vulgo
250 3131 307 3165 ex
323 3113 505 3182 pellibus
514 3116 710 3176 ,ditiores
725 3115 854 3162 serico
869 3115 915 3160 8<
926 3115 1123 3184 goffypio
1133 3113 1388 3173 induuntur,
1398 3128 1642 3178 quanquam
1654 3121 1746 3222 (εἶτα

1056 3182 1082 3231 s
1107 3198 1131 3229 2
1570 3180 1626 3228 N
1626 3180 1681 3225 iuc
1691 3194 1748 3234 κ’,
