2114 3412
80 1550 230 1599 vinciae
245 1556 309 1600 X
311 1550 401 1611 ause
417 1550 636 1596 montibus
656 1547 772 1613 apud
785 1547 961 1608 Taiyven
975 1562 1254 1599 monumenta
1268 1548 1443 1598 illustria
1465 1549 1737 1616 conspiciun-

79 1633 162 1669 tur.
215 1618 351 1685 Apud
377 1617 529 1667 urbem
551 1619 718 1685 Taming
742 1632 863 1666 vetus
888 1618 1159 1685 sepulchrum
1190 1622 1463 1685 Imperatoris
1485 1620 1608 1682 [ῥινὶ
1639 1633 1739 1671 ante

80 1701 231 1756 quater
250 1686 369 1736 mille
384 1707 517 1737 annos
526 1686 741 1736 strqum.
781 1688 924 1737 Etiam
941 1687 1060 1755 apud
1080 1689 1361 1756 metropolim
1381 1687 1500 1753 sinon
1515 1692 1559 1738 in
1576 1694 1738 1740 monti-

78 1757 160 1806 bus
184 1757 404 1826 splendida
427 1762 626 1825 Regum,
645 1760 691 1806 &
702 1759 959 1825 Magnatum
973 1773 1255 1808 monumenta
1268 1759 1480 1812 videntur.
1529 1759 1612 1826 Ipsi
1628 1760 1739 1808 vidia·

80 1847 172 1877 mus
187 1842 383 1876 montem
397 1829 588 1877 humano
607 1827 756 1877 labore
770 1827 936 1877 editum
953 1862 966 1889 ,
987 1831 1032 1878 in
1051 1847 1144 1896 quo
1158 1828 1428 1895 sepulchrum
1438 1867 1451 1889 ,
1465 1828 1584 1893 cujus
1598 1829 1740 1880 forma

81 1898 151 1946 hic
169 1898 338 1965 depicia
352 1898 426 1946 est.
459 1897 610 1947 Media
625 1912 755 1964 porta
771 1903 880 1964 (tres
894 1897 984 1946 fere
999 1898 1121 1965 sunt)
1143 1898 1371 1965 ingreffum
1380 1898 1510 1948 dabat
1520 1927 1534 1958 ,-
1551 1899 1651 1948 inde
1659 1917 1738 1965 per

80 1968 203 2015 scalas
226 1967 280 2015 ad
305 1967 577 2033 sepulchrum
605 1967 790 2015 ascensus
809 2005 822 2027 ,
853 1968 977 2033 quod
1000 1969 1187 2036 speciem
1210 1968 1347 2016 sacelli
1364 1968 1575 2017 referebat
1589 2008 1604 2030 ,
1624 1971 1739 2017 intus

82 2037 267 2085 dealbati
283 2036 457 2085 scamnis
487 2037 539 2084 ad
555 2037 661 2085 latus
687 2052 921 2102 utrumque
937 2038 1094 2086 nitidis.
1128 2038 1347 2086 Feretrum
1362 2038 1588 2087 artificiose
1616 2039 1739 2087 inau-

82 2121 221 2154 ratum
242 2106 363 2167 juxta
391 2106 582 2155 defunffi
599 2110 743 2173 imago
763 2106 910 2154 vestita
931 2109 1079 2156 vivum
1109 2107 1442 2172 repraesentabat.
1485 2113 1623 2157 Certo
1637 2112 1739 2156 anni

83 2190 279 2242 tempore
296 2177 384 2223 haec
403 2176 652 2242 sepulchra&
666 2178 771 2224 Sinis
786 2177 889 2223 cibo
903 2192 1103 2244 potuque
1124 2176 1357 2237 visitantur,
1373 2179 1450 2224 ubi
1469 2177 1646 2227 lacrimis
1661 2201 1674 2238 3
1688 2178 1737 2226 &

83 2245 276 2294 lamentis
296 2244 537 2310 indulgent,
546 2260 659 2293 tanta
679 2247 787 2310 saepe
803 2249 1051 2311 pertinacia,
1061 2260 1111 2293 ut
1122 2247 1145 2292 a
1154 2249 1333 2293 mortuis
1343 2246 1467 2293 avelli
1475 2260 1703 2312 nequeant.

150 2317 284 2363 Extra
302 2315 455 2362 urbem
479 2317 668 2382 Nanlting
686 2315 801 2362 haud
820 2315 972 2380 procul
983 2315 1097 2363 vallo
1113 2314 1230 2362 lucus
1242 2315 1397 2380 pinifer
1407 2318 1536 2364 muris
1553 2316 1712 2364 cinctus
1723 2351 1736 2376 ‚
1752 2333 1845 2367 Extra
1856 2338 1903 2376 urs]

83 2385 264 2434 circuitu
292 2385 525 2433 duodecim
543 2383 727 2433 millium
752 2384 944 2449 passuum
960 2424 975 2445 ,
1010 2386 1119 2433 &in
1136 2401 1192 2430 eo
1218 2402 1341 2432 mons
1370 2383 1597 2450 sepulchris
1613 2387 1734 2433 variis
1750 2375 1768 2405 b

83 2453 319 2503 instrufius.
361 2454 445 2502 Sed
467 2453 745 2523 magnificum
760 2455 966 2519 imprimis
986 2452 1198 2519 templum
1225 2456 1409 2514 eminet,
1436 2454 1538 2502 colli
1557 2454 1736 2521 impofi-
1751 2469 1766 2488 v

86 2536 193 2584 tum,
206 2528 335 2572 muris
349 2543 405 2574 ex
415 2524 546 2573 latere
560 2523 702 2584 costo,
716 2536 863 2571 caetera
878 2525 1082 2591 ligneum.
1116 2527 1318 2580 Qatuor
1333 2521 1457 2585 juxta
1474 2525 1623 2571 mundi
1643 2525 1736 2590 pla·
1748 2509 1768 2541 P

89 2611 174 2659 gas,
188 2611 431 2642 marmoreae
449 2593 566 2642 scalae
582 2596 625 2643 in
640 2595 749 2642 hanc
762 2593 923 2641 molem
932 2592 1235 2642 conscenditur
1255 2612 1265 2639 :
1292 2594 1486 2659 quinque
1496 2592 1737 2642 ambulacra

87 2661 298 2710 columnis
317 2663 467 2730 ligneis
485 2664 539 2712 ad
559 2678 788 2727 uti-umque
807 2662 911 2710 latus
938 2677 1052 2712 tanta
1071 2664 1246 2710 craflitie
1262 2700 1275 2722 ,
1307 2675 1355 2708 ut
1366 2665 1439 2710 vix
1465 2662 1637 2711 duobus
1656 2665 1737 2712 viri

87 2731 281 2796 expansis
299 2731 480 2782 brachiis
497 2752 563 2782 eas
579 2735 739 2782 ambire
755 2734 1119 2800 queant,triginta
1129 2732 1201 2781 sex
1213 2732 1376 2797 pedum
1385 2731 1634 2793 altitudine,
1654 2735 1735 2783 mi·-

89 2799 264 2848 noribus
279 2803 425 2867 passim
434 2803 670 2852 columellis
690 2801 968 2868 interpositis,
982 2800 1136 2869 quibus
1146 2801 1303 2850 te&un1
1318 2805 1556 2850 inauratum
1570 2802 1736 2850 incum-

88 2866 169 2917 bit.
211 2871 339 2918 Fores
356 2873 609 2938 imaginibus
634 2876 681 2922 &
704 2891 809 2921 auro
829 2870 1039 2921 obduttae.
1081 2870 1285 2919 Fenestrae
1304 2870 1386 2918 filis
1409 2870 1552 2918 ferreis
1571 2871 1736 2919 subtili-

89 2939 169 2984 bus
185 2940 383 3004 implexae
393 2943 577 2991 arcendis
592 2942 757 3002 avibus,
770 2943 827 2989 ita
837 2955 996 3002 tamen,
1010 2955 1057 2989 ut
1066 2940 1210 2988 lumen
1225 2940 1517 2999 transmittant,
1528 2957 1737 3006 quantum

89 3007 184 3054 satis
205 3008 279 3057 est.
313 3012 359 3056 In
369 3010 514 3058 medio
526 3013 676 3078 templi
696 3012 785 3060 duo
797 3011 940 3059 throni
951 3011 1127 3076 gemmis
1147 3013 1342 3058 exornati
1364 3031 1374 3058 t
1397 3011 1621 3076 supraillos
1641 3011 1737 3058 duae

92 3075 210 3126 Sella:
221 3114 233 3140 2
243 3081 317 3129 uni
328 3082 426 3130 Rex
436 3118 452 3142 ,
462 3084 533 3129 cui
550 3083 626 3131 soli
646 3082 753 3130 sacra
764 3083 807 3128 in
817 3082 901 3130 hoc
911 3080 1082 3147 templo
1098 3079 1236 3128 facere
1251 3081 1350 3129 licet
1359 3120 1377 3144 ‚
1394 3080 1545 3130 insidet
1554 3121 1569 3143 ,
1582 3081 1618 3128 al
1624 3097 1709 3128 tera
1721 3117 1736 3139 ,

1117 3168 1142 3197 Ε
1178 3167 1203 3216 3
1655 3165 1739 3214 Pto

1772 2386 1820 2407 em

1750 2419 1813 2447 Nan
1815 2418 1873 2459 king

1770 2462 1827 2488 aria
1836 2463 1881 2489 len

1771 2500 1881 2531 ulchra.
