2114 3412
307 177 329 215 1
345 166 421 214 06
666 152 810 210 Pars
823 143 990 204 ultima
1015 142 1295 225 Legationis
1315 142 1578 202 Patavicae

304 254 508 320 quoniam
519 249 687 300 srmanu
706 245 999 314 apprehendas
1012 244 1173 311 ,digitis
1183 243 1309 292 cedit.
1344 240 1663 291 Praesiantiffimi
1675 256 1779 289 vero
1796 239 1955 289 ἱηιᾶυε

304 325 491 389 pretium
509 318 787 386 quadraginta
797 315 1027 364 maravedis
1039 332 1126 362 non
1147 313 1319 362 excedit
1329 350 1342 373 ,
1360 313 1445 360 hoc
1454 311 1512 360 est
1522 349 1535 372 ,
1553 310 1684 378 paulo
1693 310 1789 377 plus
1798 309 1956 378 Regali

308 390 568 440 Castellano.
614 391 689 435 Per
703 385 1021 454 longitudinem
1042 382 1138 433 seffl
1158 385 1201 432 hi
1219 382 1375 432 fruetus
1387 421 1400 442 ,
1431 383 1542 430 intus
1555 380 1748 440 candidi,
1773 383 1821 430 8(
1831 381 1958 429 densa

307 479 430 509 carne
442 458 609 527 praediti
624 470 843 523 apparent,
852 471 898 502 ac
907 455 1039 504 veluti
1054 456 1098 502 in
1108 452 1294 519 capsulas
1311 466 1383 500 aut
1398 451 1664 517 receptacula
1677 449 1800 499 divisi
1810 488 1822 512 ,
1831 450 1961 518 plena

307 530 503 578 castaneis
512 526 780 594 longioribus
791 528 835 573 8<
846 523 1122 582 craffioribus,
1135 541 1266 589 quam
1276 520 1356 570 sint
1365 519 1536 586 Dffiyli
1546 556 1560 579 ,
1573 518 1659 568 sive
1669 519 1869 569 Palmulae
1878 559 1891 582 ,
1899 523 1960 569 ci-

310 617 434 648 nerea
450 600 591 647 tunica
606 596 721 644 teffls
733 633 746 656 ,
764 597 808 643 8(
826 597 938 642 intus
953 593 1057 642 albis
1068 593 1370 641 Castanearum
1388 589 1626 657 vulgarium
1636 590 1773 637 modo
1784 629 1798 651 ‚
1832 591 1962 659 gustu

311 668 487 717 terrestri
505 670 550 715 8(
562 667 723 732 aspero,
735 664 767 713 fi
778 662 929 713 virides
943 663 1135 721 edantur,
1149 661 1393 726 multosque
1412 660 1536 707 flatus
1551 660 1862 725 generantibus.
1898 665 1962 709 At

311 740 431 786 sicuti
448 737 684 803 Hispanicae
693 733 909 783 Castaneae
919 732 1098 781 affentur
1109 770 1122 792 ,
1145 731 1271 798 gustu
1286 729 1435 795 sapido
1450 731 1496 777 8(
1514 730 1724 777 Venerem
1736 730 1963 778 excitanti-

313 808 406 867 bus,
417 807 478 855 ob
488 824 617 873 quam
631 805 763 853 solam
778 821 866 850 rem
876 801 997 868 plebs
1014 801 1351 866 frequentiusuti
1367 799 1485 850 solet.
1522 800 1629 846 Sunt
1637 811 1780 846 autem
1790 797 1965 866 singulae

314 878 378 923 hae
390 877 605 925 Castaneae
622 874 753 940 pulpa
762 873 1012 920 flavetcente
1022 909 1036 932 ,
1059 872 1105 918 8(
1119 865 1768 937 aliquantulumlentainvolutae
1778 904 1790 928 ,
1811 867 1967 935 &pul-

313 964 411 1014 pam
422 947 629 994 Durionis
641 941 838 990 nonnihil
853 940 1075 1001 referente,
1084 939 1247 988 tametsi
1256 938 1374 986 abeo
1384 937 1562 986 differat.
1597 937 1718 984 Grati
1727 937 1883 1003 saporis
1893 936 1968 997 est,
2041 975 2050 981 ,
2072 931 2075 933 ’
2108 950 2109 957 ’

313 1015 541 1083 praesertim
557 1015 704 1079 quaein
718 1018 810 1060 Iaca
830 1012 959 1060 Barca
980 1012 1285 1078 cognominata
1304 1009 1570 1065 continetur,
1600 1007 1758 1072 optimi
1777 1007 1969 1056 Melonis

313 1086 457 1152 pulpae
468 1083 704 1132 admodum
720 1080 873 1131 similis.

1015 1236 1279 1296 Durioner.

322 1363 423 1475 C
435 1364 621 1414 Rescunt
636 1366 764 1411 etiam
776 1363 896 1408 variis
914 1361 1021 1407 Sinae
1033 1358 1137 1406 locis
1156 1362 1344 1407 Duriones
1357 1394 1370 1417 ,
1391 1356 1539 1422 sapore
1548 1355 1725 1422 quidem
1740 1358 1907 1424 ingrato
1923 1360 1972 1405 8(

436 1435 573 1481 odore
593 1432 679 1481 allii
707 1430 867 1479 foetido
895 1453 907 1490 3
943 1428 1221 1477 nihilominus
1240 1426 1516 1476 saluberrimis
1541 1425 1745 1474 fructibus
1765 1423 2013 1478 accenseri
2076 1421 2077 1425 ’

321 1517 547 1552 merentur.
583 1501 742 1550 Calido
760 1496 1823 1564 8<ficcotemperamento,urinam,flatus,sudores
1835 1495 1973 1564 pellit,
2068 1534 2069 1538 =

321 1577 549 1622 Autumno
565 1569 777 1638 copiosius
788 1567 963 1618 comesti
975 1585 1137 1615 noxam
1152 1567 1358 1628 inferunt,
1369 1566 1487 1629 jecur
1496 1569 1542 1615 8(
1552 1567 1796 1634 sanguinem
1805 1567 1975 1621 inflam-

319 1655 437 1692 mant
447 1643 620 1703 ,faciem
630 1638 808 1708 pustulis
823 1638 1005 1688 foedant.
1041 1638 1083 1684 Si
1104 1638 1200 1702 quis
1220 1637 1363 1686 Indica
1380 1635 1516 1685 scabie
1526 1637 1720 1705 erponiis
1729 1637 1899 1703 Kom‘ap
1915 1637 1977 1686 la-

321 1714 493 1771 borans,
507 1712 595 1759 hoc
601 1710 744 1759 frudiu
753 1708 941 1758 vescatur
953 1748 966 1769 ,
977 1708 1083 1757 cutis
1093 1705 1183 1769 ejus
1193 1707 1303 1756 adeo
1314 1707 1586 1774 perpruriscit
1594 1740 1608 1765 ,
1633 1720 1685 1755 ut
1692 1724 1839 1756 manus
1848 1708 1979 1758 absti-

324 1798 427 1830 nere
444 1781 467 1828 a
481 1780 695 1829 scabendo
710 1783 756 1829 8(
767 1778 964 1828 fricando
978 1795 1068 1826 non
1084 1777 1224 1843 poffit.
1259 1776 1417 1826 Acosta
1431 1777 1546 1824 hunc
1556 1774 1739 1826 studium
1752 1779 1811 1826 ita
1824 1779 1978 1827 descri-

326 1850 395 1897 bit
421 1870 430 1897 :
459 1849 674 1898 calidus&
698 1848 898 1898 humidus
915 1847 974 1897 est
990 1847 1060 1895 hic
1077 1845 1257 1907 studius,
1289 1848 1422 1913 &qui
1437 1845 1564 1903 edere
1582 1845 1761 1909 volunt,
1793 1848 1980 1915 pedele-
2056 1822 2057 1825 Ἰ
2107 1893 2110 1900 ,

327 1922 436 1967 viter
453 1921 735 1985 comprimere
746 1959 760 1978 ,
785 1921 829 1966 &
849 1918 1042 1983 frangere
1060 1917 1196 1965 solent
1206 1952 1219 1975 ,
1250 1930 1431 1983 propter
1449 1917 1584 1980 spinas
1594 1951 1607 1974 ,
1637 1914 1794 1980 qi‘libus
1815 1917 1980 1967 obsitus

327 1987 403 2036 est.
440 1990 530 2046 Qii
543 2005 762 2052 nunquam
773 1987 850 2033 hos
859 1986 1017 2035 fruitus
1034 1985 1236 2044 ederunt,
1246 2002 1344 2033 cum
1359 1986 1546 2049 primurn
1562 1984 1656 2032 illos
1668 1985 1876 2035 olfaciunt
1889 2024 1902 2046 ,
1915 1990 1982 2036 vi-

329 2058 484 2106 dentur
504 2055 695 2122 putridas
714 2073 846 2120 caepas
856 2055 1025 2102 odorari
1038 2073 1049 2099 τ
1063 2053 1132 2101 sed
1148 2054 1374 2119 postquam
1394 2052 1667 2119 degustarunt
1679 2093 1692 2115 ,
1713 2072 1799 2121 prae
1807 2055 1982 2123 reliquis

331 2127 439 2174 cibis
451 2126 563 2172 bene
573 2125 689 2172 olere
708 2125 755 2171 &
765 2123 906 2189 sapere
921 2123 1102 2173 censent.
1138 2121 1214 2171 Est
1231 2139 1335 2171 vero
1352 2124 1521 2171 intanta
1539 2122 1854 2173 existimatione
1862 2127 1980 2193 apud

331 2197 497 2260 eos,qui
511 2194 620 2260 gulae
630 2193 766 2241 dediti
781 2193 964 2251 sunt,hic
973 2193 1144 2251 fruEtus,
1157 2208 1206 2239 ut
1214 2205 1368 2258 putent
1377 2194 1594 2241 neminem
1603 2209 1658 2241 eo
1667 2194 1786 2259 poffe
1795 2192 1981 2259 saturari,

333 2277 563 2331 propterea
573 2264 684 2310 varia
694 2263 795 2311 dant
819 2262 879 2310 illi
891 2262 1092 2329 epitheta.
1124 2262 1267 2310 Tanta
1274 2275 1417 2310 tamen
1430 2261 1490 2310 est
1509 2261 1638 2325 hujus
1654 2263 1813 2312 frufims
1829 2266 1873 2312 in
1882 2267 1981 2314 Ma-

333 2334 423 2382 laca
440 2332 713 2387 abundantia,
725 2346 772 2380 ut
782 2331 932 2398 singuli
947 2349 1036 2380 non
1047 2330 1178 2397 pluris
1189 2366 1202 2389 ,
1215 2348 1343 2397 quam
1352 2344 1537 2398 quatuor
1546 2333 1777 2380 maravedis
1787 2333 1982 2394 veneant,

333 2400 780 2468 praesertimrnenfibus
789 2403 944 2469 Junio,
964 2400 1082 2469 julio
1101 2402 1147 2449 8(
1169 2400 1390 2466 Augusto:
1409 2400 1689 2468 namreliquis
1713 2402 1899 2468 pretium
1915 2404 1981 2451 in-

335 2471 525 2520 tenditur
533 2489 614 2536 pro
631 2472 856 2519 hominum
866 2469 1055 2519 arbitrio.
1076 2469 1371 2518 Admiratione
1381 2487 1515 2535 porro
1523 2470 1652 2536 digna
1659 2470 1719 2518 est
1729 2470 1872 2519 Betele
1881 2489 1982 2521 cum

336 2541 422 2588 hoc
439 2539 578 2589 frqu
586 2541 834 2605 antipathia,
847 2558 942 2607 quae
957 2539 1153 2606 profesto
1162 2553 1277 2586 tanta
1285 2539 1344 2586 est
1354 2576 1367 2599 ,
1381 2554 1429 2587 ut
1445 2538 1475 2587 si
1493 2542 1587 2605 quis
1596 2542 1640 2587 in
1655 2555 1806 2587 navem
1817 2540 1980 2589 Durio·

335 2611 460 2657 nibus
476 2610 648 2675 plenam
660 2649 673 2669 ,
690 2609 849 2657 aedesve
864 2624 936 2656 aut
950 2609 1364 2657 concamerationem
1375 2646 1386 2668 ,
1405 2607 1480 2656 ubi
1496 2608 1770 2657 observentur
1781 2646 1793 2669 ,
1815 2608 1985 2676 aliquot

336 2678 479 2726 Betele
493 2678 597 2726 solia
607 2692 800 2744 reponat,
808 2691 1133 2744 corrumpantur
1153 2679 1199 2725 8(
1211 2678 1448 2742 putrescant
1458 2695 1618 2725 omnes.
1635 2678 1691 2725 Et
1701 2676 1730 2724 si
1739 2679 1806 2724 cui
1817 2695 1874 2726 ex
1884 2679 1984 2727 Dua

336 2749 507 2795 rionum
526 2748 762 2797 immodico
777 2748 848 2795 esu
864 2747 1119 2796 ventriculus
1134 2747 1417 2794 inflammatur
1428 2749 1473 2793 &
1485 2759 1704 2812 gravatur,
1719 2746 1831 2795 folio
1840 2747 1984 2797 Betele
2005 2761 2009 2765 “
2084 2739 2088 2741 i

337 2815 460 2881 supra
475 2817 760 2864 ventriculum
777 2817 1005 2883 imposito,
1029 2816 1170 2864 subito
1186 2819 1403 2883 mitigatur
1426 2816 1732 2877 inflammatio,
1754 2831 1986 2884 tumorque
2055 2868 2059 2875 ,

339 2884 518 2933 tollitur.
552 2887 608 2933 Et
621 2926 632 2945 ‚
645 2885 707 2932 sia
718 2889 970 2934 Dur-ionum
993 2886 1063 2935 esu
1079 2890 1320 2952 ingerantur
1333 2885 1500 2949 aliquot
1516 2884 1657 2932 Betele
1670 2885 1773 2933 folia
1789 2924 1802 2947 ,
1824 2885 1985 2935 nullam

340 2970 501 3000 noxam
521 2955 689 3014 sentiet,
711 2958 984 3021 quantumvis
1000 2957 1156 3004 multos
1176 2955 1312 3002 ederit
1331 2973 1341 3000 z
1364 2954 1464 3001 inde
1477 2953 1548 3013 fit,
1563 2967 1656 3001 tum
1673 2956 1801 3002 etiam
1815 2954 1876 3002 ob
1892 2954 1985 3018 ejus

341 3020 511 3087 gustum
529 3024 713 3083 suavem,
725 3039 775 3073 ut
788 3025 922 3093 vulgo
941 3026 1119 3086 dicatur,
1127 3024 1341 3073 neminem
1352 3041 1502 3071 eorum
1513 3022 1583 3071 esu
1601 3023 1719 3089 poffe
1736 3024 1882 3081 satiari.

1876 3164 1986 3207 Ana*
