<?xml version="1.0" encoding="UTF-8"?>
<!DOCTYPE html PUBLIC "-//W3C//DTD XHTML 1.0 Transitional//EN"
    "http://www.w3.org/TR/xhtml1/DTD/xhtml1-transitional.dtd">
<html xmlns="http://www.w3.org/1999/xhtml" xml:lang="en" lang="en">
 <head>
  <title>
</title>
<meta http-equiv="Content-Type" content="text/html;charset=utf-8" />
  <meta name='ocr-system' content='tesseract 3.04.00' />
  <meta name='ocr-capabilities' content='ocr_page ocr_carea ocr_par ocr_line ocrx_word'/>
</head>
<body>
  <div class='ocr_page' id='page_1' title='image "./legatiobatavicaa00nieu_0390.png"; bbox 0 0 2050 3412; ppageno 0'>
   <div class='ocr_carea' id='block_1_1' title="bbox 282 133 1551 218">
    <p class='ocr_par' dir='ltr' id='par_1_1' title="bbox 282 133 1551 218">
     <span class='ocr_line' id='line_1_1' title="bbox 282 133 1551 218; baseline -0.006 -20"><span class='ocrx_word' id='word_1_1' title='bbox 282 163 390 211; x_wconf 83' lang='lat'>124</span> <span class='ocrx_word' id='word_1_2' title='bbox 634 140 774 198; x_wconf 73' lang='lat' dir='ltr'>Pars</span> <span class='ocrx_word' id='word_1_3' title='bbox 792 133 960 194; x_wconf 76' lang='lat' dir='ltr'>ultima</span> <span class='ocrx_word' id='word_1_4' title='bbox 981 134 1266 218; x_wconf 66' lang='lat' dir='ltr'>Legasi&#39;omls</span> <span class='ocrx_word' id='word_1_5' title='bbox 1287 135 1551 193; x_wconf 67' lang='lat' dir='ltr'>Patavicae·</span> 
     </span>
    </p>
   </div>
   <div class='ocr_carea' id='block_1_2' title="bbox 278 229 1933 702">
    <p class='ocr_par' dir='ltr' id='par_1_2' title="bbox 344 229 1847 304">
     <span class='ocr_line' id='line_1_2' title="bbox 344 229 1847 304; baseline -0.006 -16"><span class='ocrx_word' id='word_1_6' title='bbox 344 237 478 304; x_wconf 86' lang='lat' dir='ltr'>Apud</span> <span class='ocrx_word' id='word_1_7' title='bbox 496 239 623 300; x_wconf 83' lang='lat' dir='ltr'>Iemsu</span> <span class='ocrx_word' id='word_1_8' title='bbox 638 236 682 282; x_wconf 87' lang='lat' dir='ltr'>in</span> <span class='ocrx_word' id='word_1_9' title='bbox 700 241 761 286; x_wconf 90' lang='lat' dir='ltr'><em>H</em></span> <span class='ocrx_word' id='word_1_10' title='bbox 759 255 851 284; x_wconf 82' lang='lat' dir='ltr'>onan</span> <span class='ocrx_word' id='word_1_11' title='bbox 868 233 987 301; x_wconf 83' lang='lat' dir='ltr'>palus</span> <span class='ocrx_word' id='word_1_12' title='bbox 1003 233 1139 283; x_wconf 78' lang='lat' dir='ltr'>aestate</span> <span class='ocrx_word' id='word_1_13' title='bbox 1154 232 1349 300; x_wconf 78' lang='lat' dir='ltr'>frigidus,</span> <span class='ocrx_word' id='word_1_14' title='bbox 1363 232 1517 298; x_wconf 84' lang='lat' dir='ltr'>hyeme</span> <span class='ocrx_word' id='word_1_15' title='bbox 1527 229 1686 279; x_wconf 89' lang='lat' dir='ltr'>calidus</span> <span class='ocrx_word' id='word_1_16' title='bbox 1698 230 1770 279; x_wconf 81' lang='lat' dir='ltr'>est.</span> <span class='ocrx_word' id='word_1_17' title='bbox 1842 242 1847 245; x_wconf 69' lang='grc'>“</span> 
     </span>
    </p>

    <p class='ocr_par' dir='ltr' id='par_1_3' title="bbox 278 300 1931 510">
     <span class='ocr_line' id='line_1_3' title="bbox 345 300 1931 373; baseline -0.004 -19"><span class='ocrx_word' id='word_1_18' title='bbox 345 307 481 373; x_wconf 82' lang='lat' dir='ltr'>Apud</span> <span class='ocrx_word' id='word_1_19' title='bbox 505 307 562 354; x_wconf 83' lang='lat' dir='ltr'><em>N</em></span> <span class='ocrx_word' id='word_1_20' title='bbox 561 307 729 372; x_wconf 77' lang='lat' dir='ltr'>anchang</span> <span class='ocrx_word' id='word_1_21' title='bbox 747 307 791 352; x_wconf 86' lang='lat' dir='ltr'>in</span> <span class='ocrx_word' id='word_1_22' title='bbox 809 310 870 356; x_wconf 90' lang='lat' dir='ltr'><em>H</em></span> <span class='ocrx_word' id='word_1_23' title='bbox 870 325 1017 370; x_wconf 78' lang='lat' dir='ltr'>uquang</span> <span class='ocrx_word' id='word_1_24' title='bbox 1034 343 1047 363; x_wconf 86' lang='lat'><em>‚</em></span> <span class='ocrx_word' id='word_1_25' title='bbox 1073 302 1193 369; x_wconf 87' lang='lat' dir='ltr'>palus</span> <span class='ocrx_word' id='word_1_26' title='bbox 1219 300 1388 366; x_wconf 67' lang='lat' dir='ltr'>Cinchu,</span> <span class='ocrx_word' id='word_1_27' title='bbox 1409 301 1455 349; x_wconf 86' lang='lat' dir='ltr'>id</span> <span class='ocrx_word' id='word_1_28' title='bbox 1470 302 1532 349; x_wconf 87' lang='lat' dir='ltr'>est</span> <span class='ocrx_word' id='word_1_29' title='bbox 1542 304 1830 368; x_wconf 70' lang='lat' dir='ltr'>masgaritarum</span> <span class='ocrx_word' id='word_1_30' title='bbox 1847 301 1931 360; x_wconf 64' lang='lat' dir='ltr'>est,</span> 
     </span>
     <span class='ocr_line' id='line_1_4' title="bbox 278 370 1929 442; baseline -0.003 -19"><span class='ocrx_word' id='word_1_31' title='bbox 278 375 396 437; x_wconf 78' lang='lat' dir='ltr'>cujus</span> <span class='ocrx_word' id='word_1_32' title='bbox 409 376 522 442; x_wconf 85' lang='lat' dir='ltr'>ripis,</span> <span class='ocrx_word' id='word_1_33' title='bbox 538 374 848 422; x_wconf 76' lang='lat' dir='ltr'>inambulantes</span> <span class='ocrx_word' id='word_1_34' title='bbox 867 373 897 421; x_wconf 87' lang='lat' dir='ltr'>fi</span> <span class='ocrx_word' id='word_1_35' title='bbox 912 373 1062 421; x_wconf 84' lang='lat' dir='ltr'>fortius</span> <span class='ocrx_word' id='word_1_36' title='bbox 1082 373 1215 439; x_wconf 81' lang='lat' dir='ltr'>figant</span> <span class='ocrx_word' id='word_1_37' title='bbox 1227 370 1380 437; x_wconf 82' lang='lat' dir='ltr'>pedes,</span> <span class='ocrx_word' id='word_1_38' title='bbox 1403 370 1599 419; x_wconf 84' lang='lat' dir='ltr'>exiliunt.</span> <span class='ocrx_word' id='word_1_39' title='bbox 1635 370 1840 436; x_wconf 85' lang='lat' dir='ltr'>Undique</span> <span class='ocrx_word' id='word_1_40' title='bbox 1860 388 1929 418; x_wconf 87' lang='lat' dir='ltr'>ro-</span> 
     </span>
     <span class='ocr_line' id='line_1_5' title="bbox 279 439 1714 510; baseline -0.002 -18"><span class='ocrx_word' id='word_1_41' title='bbox 279 445 423 494; x_wconf 77' lang='lat' dir='ltr'>tundae</span> <span class='ocrx_word' id='word_1_42' title='bbox 438 463 559 510; x_wconf 82' lang='lat' dir='ltr'>aquae</span> <span class='ocrx_word' id='word_1_43' title='bbox 577 458 748 491; x_wconf 79' lang='lat' dir='ltr'>exterra</span> <span class='ocrx_word' id='word_1_44' title='bbox 765 457 895 509; x_wconf 62' lang='lat' dir='ltr'>guttae</span> <span class='ocrx_word' id='word_1_45' title='bbox 905 443 1222 509; x_wconf 80' lang='lat' dir='ltr'>margaritarum</span> <span class='ocrx_word' id='word_1_46' title='bbox 1238 441 1466 506; x_wconf 80' lang='lat' dir='ltr'>imaginem</span> <span class='ocrx_word' id='word_1_47' title='bbox 1475 439 1714 490; x_wconf 68' lang='lat' dir='ltr'>referentes</span> 
     </span>
    </p>

    <p class='ocr_par' dir='ltr' id='par_1_4' title="bbox 280 507 1933 702">
     <span class='ocr_line' id='line_1_6' title="bbox 347 507 1932 580; baseline -0.004 -18"><span class='ocrx_word' id='word_1_48' title='bbox 347 515 483 580; x_wconf 82' lang='lat' dir='ltr'>Apud</span> <span class='ocrx_word' id='word_1_49' title='bbox 506 515 727 580; x_wconf 76' lang='lat' dir='ltr'>Hengcheu</span> <span class='ocrx_word' id='word_1_50' title='bbox 755 512 945 575; x_wconf 88' lang='lat' dir='ltr'>ejusdem</span> <span class='ocrx_word' id='word_1_51' title='bbox 963 513 1197 559; x_wconf 60' lang='lat' dir='ltr'>Provinciae</span> <span class='ocrx_word' id='word_1_52' title='bbox 1221 516 1429 577; x_wconf 63' lang='lat' dir='ltr'><em>Huquasg</em></span> <span class='ocrx_word' id='word_1_53' title='bbox 1450 508 1775 575; x_wconf 86' lang='lat' dir='ltr'>profundissima</span> <span class='ocrx_word' id='word_1_54' title='bbox 1790 507 1932 574; x_wconf 84' lang='lat' dir='ltr'>palus,</span> 
     </span>
     <span class='ocr_line' id='line_1_7' title="bbox 280 578 1933 649; baseline -0.003 -19"><span class='ocrx_word' id='word_1_55' title='bbox 280 582 400 645; x_wconf 85' lang='lat' dir='ltr'>cujus</span> <span class='ocrx_word' id='word_1_56' title='bbox 411 601 530 649; x_wconf 82' lang='lat' dir='ltr'>aquae</span> <span class='ocrx_word' id='word_1_57' title='bbox 546 583 875 649; x_wconf 82' lang='lat' dir='ltr'>instargraminis</span> <span class='ocrx_word' id='word_1_58' title='bbox 891 581 1043 629; x_wconf 87' lang='lat' dir='ltr'>virides</span> <span class='ocrx_word' id='word_1_59' title='bbox 1054 619 1066 641; x_wconf 82' lang='lat'>,</span> <span class='ocrx_word' id='word_1_60' title='bbox 1076 599 1205 647; x_wconf 89' lang='lat' dir='ltr'>quam</span> <span class='ocrx_word' id='word_1_61' title='bbox 1219 580 1272 627; x_wconf 88' lang='lat' dir='ltr'>ad</span> <span class='ocrx_word' id='word_1_62' title='bbox 1284 582 1430 626; x_wconf 86' lang='lat' dir='ltr'>vinum</span> <span class='ocrx_word' id='word_1_63' title='bbox 1439 597 1495 626; x_wconf 85' lang='lat' dir='ltr'>ex</span> <span class='ocrx_word' id='word_1_64' title='bbox 1514 595 1644 643; x_wconf 83' lang='lat' dir='ltr'>oryza</span> <span class='ocrx_word' id='word_1_65' title='bbox 1653 578 1933 643; x_wconf 88' lang='lat' dir='ltr'>coquendum</span> 
     </span>
     <span class='ocr_line' id='line_1_8' title="bbox 284 652 873 702; baseline 0.005 -3"><span class='ocrx_word' id='word_1_66' title='bbox 284 655 391 700; x_wconf 78' lang='lat' dir='ltr'>Sinae</span> <span class='ocrx_word' id='word_1_67' title='bbox 406 653 643 701; x_wconf 80' lang='lat' dir='ltr'>admodum</span> <span class='ocrx_word' id='word_1_68' title='bbox 658 652 873 702; x_wconf 84' lang='lat' dir='ltr'>aestimant.</span> 
     </span>
    </p>
   </div>
   <div class='ocr_carea' id='block_1_3' title="bbox 356 715 1982 790">
    <p class='ocr_par' dir='ltr' id='par_1_5' title="bbox 356 715 2046 790">
     <span class='ocr_line' id='line_1_9' title="bbox 356 715 1982 790; baseline -0.004 -19"><span class='ocrx_word' id='word_1_69' title='bbox 356 723 487 788; x_wconf 86' lang='lat' dir='ltr'>Apud</span> <span class='ocrx_word' id='word_1_70' title='bbox 509 724 695 790; x_wconf 64' lang='lat' dir='ltr'>Taiphg,</span> <span class='ocrx_word' id='word_1_71' title='bbox 750 723 970 787; x_wconf 68' lang='lat' dir='ltr'>Nankingae</span> <span class='ocrx_word' id='word_1_72' title='bbox 989 719 1107 786; x_wconf 86' lang='lat' dir='ltr'>palus</span> <span class='ocrx_word' id='word_1_73' title='bbox 1139 720 1352 785; x_wconf 76' lang='lat' dir='ltr'>Tanyang,</span> <span class='ocrx_word' id='word_1_74' title='bbox 1385 730 1678 766; x_wconf 86' lang='lat' dir='ltr'>trecentorum</span> <span class='ocrx_word' id='word_1_75' title='bbox 1702 715 1933 765; x_wconf 84' lang='lat' dir='ltr'>stadiorum</span> <span class='ocrx_word' id='word_1_76' title='bbox 1979 729 1982 733; x_wconf 90' lang='grc'><strong>’</strong></span> 
     </span>
    </p>
   </div>
   <div class='ocr_carea' id='block_1_4' title="bbox 284 793 1945 2087">
    <p class='ocr_par' dir='ltr' id='par_1_6' title="bbox 284 793 463 840">
     <span class='ocr_line' id='line_1_10' title="bbox 284 793 463 840; baseline 0.011 -2"><span class='ocrx_word' id='word_1_77' title='bbox 284 793 463 840; x_wconf 85' lang='lat' dir='ltr'>ambitu.</span> 
     </span>
    </p>

    <p class='ocr_par' dir='ltr' id='par_1_7' title="bbox 285 852 1944 1900">
     <span class='ocr_line' id='line_1_11' title="bbox 354 852 1938 926; baseline -0.003 -19"><span class='ocrx_word' id='word_1_78' title='bbox 354 862 434 909; x_wconf 79' lang='lat' dir='ltr'>Sed</span> <span class='ocrx_word' id='word_1_79' title='bbox 451 879 598 908; x_wconf 85' lang='lat' dir='ltr'>omnes</span> <span class='ocrx_word' id='word_1_80' title='bbox 614 859 726 908; x_wconf 90' lang='lat' dir='ltr'>lacus</span> <span class='ocrx_word' id='word_1_81' title='bbox 754 859 1071 926; x_wconf 80' lang='lat' dir='ltr'>magnificentia</span> <span class='ocrx_word' id='word_1_82' title='bbox 1101 859 1147 904; x_wconf 88' lang='lat'>&amp;</span> <span class='ocrx_word' id='word_1_83' title='bbox 1172 857 1252 905; x_wconf 84' lang='lat' dir='ltr'>fitu</span> <span class='ocrx_word' id='word_1_84' title='bbox 1266 856 1432 923; x_wconf 89' lang='lat' dir='ltr'>superat</span> <span class='ocrx_word' id='word_1_85' title='bbox 1453 859 1499 905; x_wconf 78' lang='lat' dir='ltr'>Si</span> <span class='ocrx_word' id='word_1_86' title='bbox 1531 858 1575 904; x_wconf 91' lang='lat' dir='ltr'>in</span> <span class='ocrx_word' id='word_1_87' title='bbox 1599 852 1793 922; x_wconf 62' lang='lat' dir='ltr'>(hekiang</span> <span class='ocrx_word' id='word_1_88' title='bbox 1819 853 1938 920; x_wconf 64' lang='lat' dir='ltr'>apud&gt;</span> 
     </span>
     <span class='ocr_line' id='line_1_12' title="bbox 289 923 1936 998; baseline -0.006 -18"><span class='ocrx_word' id='word_1_89' title='bbox 289 933 523 998; x_wconf 72' lang='lat' dir='ltr'>Hangcheu.</span> <span class='ocrx_word' id='word_1_90' title='bbox 562 932 674 977; x_wconf 85' lang='lat' dir='ltr'>Inter</span> <span class='ocrx_word' id='word_1_91' title='bbox 689 931 796 977; x_wconf 87' lang='lat' dir='ltr'>hanc</span> <span class='ocrx_word' id='word_1_92' title='bbox 820 929 970 976; x_wconf 86' lang='lat' dir='ltr'>urbem</span> <span class='ocrx_word' id='word_1_93' title='bbox 991 931 1036 976; x_wconf 85' lang='lat'>&amp;</span> <span class='ocrx_word' id='word_1_94' title='bbox 1056 927 1196 975; x_wconf 86' lang='lat' dir='ltr'>lacum</span> <span class='ocrx_word' id='word_1_95' title='bbox 1223 929 1290 974; x_wconf 82' lang='lat' dir='ltr'>via</span> <span class='ocrx_word' id='word_1_96' title='bbox 1305 926 1518 994; x_wconf 84' lang='lat' dir='ltr'>lapidibus</span> <span class='ocrx_word' id='word_1_97' title='bbox 1538 925 1659 973; x_wconf 87' lang='lat' dir='ltr'>strata</span> <span class='ocrx_word' id='word_1_98' title='bbox 1677 924 1838 991; x_wconf 86' lang='lat' dir='ltr'>septem</span> <span class='ocrx_word' id='word_1_99' title='bbox 1857 923 1936 972; x_wconf 89' lang='lat' dir='ltr'>sta-</span> 
     </span>
     <span class='ocr_line' id='line_1_13' title="bbox 285 994 1937 1065; baseline -0.001 -17"><span class='ocrx_word' id='word_1_100' title='bbox 285 1001 469 1049; x_wconf 89' lang='lat' dir='ltr'>diorum.</span> <span class='ocrx_word' id='word_1_101' title='bbox 486 1003 619 1047; x_wconf 83' lang='lat' dir='ltr'>Lacus</span> <span class='ocrx_word' id='word_1_102' title='bbox 637 999 798 1047; x_wconf 86' lang='lat' dir='ltr'>ambitu</span> <span class='ocrx_word' id='word_1_103' title='bbox 810 998 1088 1065; x_wconf 81' lang='lat' dir='ltr'>quadraginta</span> <span class='ocrx_word' id='word_1_104' title='bbox 1100 997 1230 1044; x_wconf 87' lang='lat' dir='ltr'>stadia</span> <span class='ocrx_word' id='word_1_105' title='bbox 1240 994 1747 1062; x_wconf 72' lang='lat' dir='ltr'>coinple&amp;itur‚iindique</span> <span class='ocrx_word' id='word_1_106' title='bbox 1758 996 1937 1046; x_wconf 69' lang='lat' dir='ltr'>amoeni&#39;s</span> 
     </span>
     <span class='ocr_line' id='line_1_14' title="bbox 285 1064 1935 1133; baseline -0.004 -14"><span class='ocrx_word' id='word_1_107' title='bbox 285 1071 505 1119; x_wconf 87' lang='lat' dir='ltr'>montibus</span> <span class='ocrx_word' id='word_1_108' title='bbox 521 1068 680 1116; x_wconf 62' lang='lat' dir='ltr'>cinfflus</span> <span class='ocrx_word' id='word_1_109' title='bbox 706 1107 718 1129; x_wconf 81' lang='lat'>,</span> <span class='ocrx_word' id='word_1_110' title='bbox 757 1087 812 1116; x_wconf 79' lang='lat' dir='ltr'>ex</span> <span class='ocrx_word' id='word_1_111' title='bbox 830 1067 987 1133; x_wconf 89' lang='lat' dir='ltr'>quibus</span> <span class='ocrx_word' id='word_1_112' title='bbox 1007 1065 1130 1115; x_wconf 79' lang='lat' dir='ltr'>rivuli</span> <span class='ocrx_word' id='word_1_113' title='bbox 1155 1066 1458 1129; x_wconf 81' lang='lat' dir='ltr'>jucundiffimo</span> <span class='ocrx_word' id='word_1_114' title='bbox 1489 1081 1706 1113; x_wconf 85' lang='lat' dir='ltr'>murmure</span> <span class='ocrx_word' id='word_1_115' title='bbox 1719 1064 1935 1113; x_wconf 82' lang='lat' dir='ltr'>labuntur.</span> 
     </span>
     <span class='ocr_line' id='line_1_15' title="bbox 286 1134 1939 1203; baseline -0.004 -16"><span class='ocrx_word' id='word_1_116' title='bbox 286 1143 463 1188; x_wconf 88' lang='lat' dir='ltr'>Circum</span> <span class='ocrx_word' id='word_1_117' title='bbox 485 1136 1296 1203; x_wconf 81' lang='lat' dir='ltr'>Palatia,Templa‚Coenobia,Sylvae,</span> <span class='ocrx_word' id='word_1_118' title='bbox 1313 1134 1555 1200; x_wconf 87' lang='lat' dir='ltr'>Sepulchra.</span> <span class='ocrx_word' id='word_1_119' title='bbox 1589 1135 1716 1181; x_wconf 77' lang='lat' dir='ltr'>Secus</span> <span class='ocrx_word' id='word_1_120' title='bbox 1739 1135 1849 1201; x_wconf 88' lang='lat' dir='ltr'>ripas</span> <span class='ocrx_word' id='word_1_121' title='bbox 1859 1135 1939 1181; x_wconf 66' lang='lat' dir='ltr'>viat</span> 
     </span>
     <span class='ocr_line' id='line_1_16' title="bbox 286 1202 1939 1275; baseline -0.005 -17"><span class='ocrx_word' id='word_1_122' title='bbox 286 1211 378 1258; x_wconf 84' lang='lat' dir='ltr'>latae</span> <span class='ocrx_word' id='word_1_123' title='bbox 388 1208 596 1275; x_wconf 88' lang='lat' dir='ltr'>quadrato</span> <span class='ocrx_word' id='word_1_124' title='bbox 608 1207 714 1255; x_wconf 79' lang='lat' dir='ltr'>saxo</span> <span class='ocrx_word' id='word_1_125' title='bbox 728 1206 946 1254; x_wconf 78' lang='lat' dir='ltr'>constratae</span> <span class='ocrx_word' id='word_1_126' title='bbox 960 1208 1006 1254; x_wconf 99' lang='grc'>8(</span> <span class='ocrx_word' id='word_1_127' title='bbox 1017 1209 1062 1253; x_wconf 91' lang='lat' dir='ltr'>in</span> <span class='ocrx_word' id='word_1_128' title='bbox 1073 1206 1167 1272; x_wconf 84' lang='lat' dir='ltr'>ipso</span> <span class='ocrx_word' id='word_1_129' title='bbox 1176 1205 1269 1253; x_wconf 91' lang='lat' dir='ltr'>lacu</span> <span class='ocrx_word' id='word_1_130' title='bbox 1278 1207 1356 1253; x_wconf 82' lang='lat' dir='ltr'>viae</span> <span class='ocrx_word' id='word_1_131' title='bbox 1367 1205 1467 1251; x_wconf 88' lang='lat' dir='ltr'>hinc</span> <span class='ocrx_word' id='word_1_132' title='bbox 1483 1203 1583 1250; x_wconf 89' lang='lat' dir='ltr'>inde</span> <span class='ocrx_word' id='word_1_133' title='bbox 1592 1217 1746 1268; x_wconf 77' lang='lat' dir='ltr'>apertae</span> <span class='ocrx_word' id='word_1_134' title='bbox 1758 1240 1771 1264; x_wconf 61' lang='lat'>2</span> <span class='ocrx_word' id='word_1_135' title='bbox 1781 1202 1939 1269; x_wconf 89' lang='lat' dir='ltr'>quibus</span> 
     </span>
     <span class='ocr_line' id='line_1_17' title="bbox 287 1271 1939 1344; baseline -0.003 -18"><span class='ocrx_word' id='word_1_136' title='bbox 287 1293 441 1344; x_wconf 90' lang='lat' dir='ltr'>pontes</span> <span class='ocrx_word' id='word_1_137' title='bbox 471 1277 645 1325; x_wconf 86' lang='lat' dir='ltr'>instrati.</span> <span class='ocrx_word' id='word_1_138' title='bbox 680 1276 868 1324; x_wconf 82' lang='lat' dir='ltr'>Arbores</span> <span class='ocrx_word' id='word_1_139' title='bbox 886 1275 1097 1342; x_wconf 78' lang='lat' dir='ltr'>frugiferae</span> <span class='ocrx_word' id='word_1_140' title='bbox 1114 1278 1159 1323; x_wconf 86' lang='grc'>8(</span> <span class='ocrx_word' id='word_1_141' title='bbox 1182 1275 1336 1323; x_wconf 83' lang='lat' dir='ltr'>steriles</span> <span class='ocrx_word' id='word_1_142' title='bbox 1359 1273 1413 1320; x_wconf 90' lang='lat' dir='ltr'>ad</span> <span class='ocrx_word' id='word_1_143' title='bbox 1430 1287 1628 1321; x_wconf 85' lang='lat' dir='ltr'>ornatum</span> <span class='ocrx_word' id='word_1_144' title='bbox 1650 1274 1696 1320; x_wconf 88' lang='lat'>&amp;</span> <span class='ocrx_word' id='word_1_145' title='bbox 1721 1271 1939 1321; x_wconf 90' lang='lat' dir='ltr'>umbrosas</span> 
     </span>
     <span class='ocr_line' id='line_1_18' title="bbox 285 1341 1938 1410; baseline -0.007 -14"><span class='ocrx_word' id='word_1_146' title='bbox 285 1347 649 1396; x_wconf 87' lang='lat' dir='ltr'>deambulationes</span> <span class='ocrx_word' id='word_1_147' title='bbox 660 1383 674 1404; x_wconf 79' lang='lat'>,</span> <span class='ocrx_word' id='word_1_148' title='bbox 693 1346 844 1394; x_wconf 88' lang='lat' dir='ltr'>ordine</span> <span class='ocrx_word' id='word_1_149' title='bbox 863 1345 1073 1410; x_wconf 83' lang='lat' dir='ltr'>dispositae</span> <span class='ocrx_word' id='word_1_150' title='bbox 1092 1345 1168 1391; x_wconf 89' lang='lat' dir='ltr'>viis</span> <span class='ocrx_word' id='word_1_151' title='bbox 1183 1344 1330 1410; x_wconf 85' lang='lat' dir='ltr'>paffim</span> <span class='ocrx_word' id='word_1_152' title='bbox 1349 1360 1447 1391; x_wconf 90' lang='lat' dir='ltr'>cum</span> <span class='ocrx_word' id='word_1_153' title='bbox 1463 1342 1686 1391; x_wconf 88' lang='lat' dir='ltr'>clathris&amp;</span> <span class='ocrx_word' id='word_1_154' title='bbox 1697 1341 1839 1408; x_wconf 90' lang='lat' dir='ltr'>podiis</span> <span class='ocrx_word' id='word_1_155' title='bbox 1848 1343 1938 1390; x_wconf 74' lang='lat' dir='ltr'>cin-</span> 
     </span>
     <span class='ocr_line' id='line_1_19' title="bbox 287 1411 1941 1482; baseline -0.003 -18"><span class='ocrx_word' id='word_1_156' title='bbox 287 1417 360 1465; x_wconf 70' lang='lat' dir='ltr'>&amp;is</span> <span class='ocrx_word' id='word_1_157' title='bbox 376 1417 490 1464; x_wconf 89' lang='lat' dir='ltr'>haud</span> <span class='ocrx_word' id='word_1_158' title='bbox 501 1418 666 1482; x_wconf 84' lang='lat' dir='ltr'>exiguo</span> <span class='ocrx_word' id='word_1_159' title='bbox 682 1429 950 1462; x_wconf 88' lang='lat' dir='ltr'>ornamento.</span> <span class='ocrx_word' id='word_1_160' title='bbox 984 1414 1149 1461; x_wconf 89' lang='lat' dir='ltr'>Omnia</span> <span class='ocrx_word' id='word_1_161' title='bbox 1163 1413 1350 1477; x_wconf 87' lang='lat' dir='ltr'>denique</span> <span class='ocrx_word' id='word_1_162' title='bbox 1368 1411 1494 1474; x_wconf 85' lang='lat' dir='ltr'>hujus</span> <span class='ocrx_word' id='word_1_163' title='bbox 1509 1411 1622 1460; x_wconf 88' lang='lat' dir='ltr'>lacus</span> <span class='ocrx_word' id='word_1_164' title='bbox 1639 1426 1727 1461; x_wconf 90' lang='lat' dir='ltr'>tam</span> <span class='ocrx_word' id='word_1_165' title='bbox 1742 1411 1941 1478; x_wconf 84' lang='lat' dir='ltr'>magnifi-</span> 
     </span>
     <span class='ocr_line' id='line_1_20' title="bbox 285 1479 1941 1547; baseline -0.004 -13"><span class='ocrx_word' id='word_1_166' title='bbox 285 1505 348 1547; x_wconf 83' lang='lat' dir='ltr'>ca,</span> <span class='ocrx_word' id='word_1_167' title='bbox 362 1484 584 1533; x_wconf 78' lang='lat' dir='ltr'>artificiola</span> <span class='ocrx_word' id='word_1_168' title='bbox 600 1486 645 1532; x_wconf 87' lang='lat'>&amp;</span> <span class='ocrx_word' id='word_1_169' title='bbox 655 1483 809 1532; x_wconf 87' lang='lat' dir='ltr'>decora</span> <span class='ocrx_word' id='word_1_170' title='bbox 821 1481 929 1544; x_wconf 87' lang='lat' dir='ltr'>sunt,</span> <span class='ocrx_word' id='word_1_171' title='bbox 942 1496 989 1530; x_wconf 91' lang='lat' dir='ltr'>ut</span> <span class='ocrx_word' id='word_1_172' title='bbox 1004 1495 1197 1531; x_wconf 89' lang='lat' dir='ltr'>naturam</span> <span class='ocrx_word' id='word_1_173' title='bbox 1211 1501 1264 1531; x_wconf 89' lang='lat' dir='ltr'>ne</span> <span class='ocrx_word' id='word_1_174' title='bbox 1274 1482 1388 1547; x_wconf 87' lang='lat' dir='ltr'>prius</span> <span class='ocrx_word' id='word_1_175' title='bbox 1398 1482 1558 1530; x_wconf 86' lang='lat' dir='ltr'>mireris</span> <span class='ocrx_word' id='word_1_176' title='bbox 1566 1499 1633 1544; x_wconf 75' lang='lat' dir='ltr'>‚an</span> <span class='ocrx_word' id='word_1_177' title='bbox 1644 1495 1776 1530; x_wconf 86' lang='lat' dir='ltr'>artem</span> <span class='ocrx_word' id='word_1_178' title='bbox 1785 1518 1799 1542; x_wconf 85' lang='lat'>‚</span> <span class='ocrx_word' id='word_1_179' title='bbox 1813 1479 1941 1529; x_wconf 88' lang='lat' dir='ltr'>dubi-</span> 
     </span>
     <span class='ocr_line' id='line_1_21' title="bbox 288 1550 1944 1620; baseline -0.001 -17"><span class='ocrx_word' id='word_1_180' title='bbox 288 1569 360 1606; x_wconf 83' lang='lat' dir='ltr'>tes,</span> <span class='ocrx_word' id='word_1_181' title='bbox 400 1559 538 1620; x_wconf 83' lang='lat' dir='ltr'>Aquae</span> <span class='ocrx_word' id='word_1_182' title='bbox 562 1554 652 1616; x_wconf 81' lang='lat' dir='ltr'>ejus</span> <span class='ocrx_word' id='word_1_183' title='bbox 670 1555 781 1602; x_wconf 90' lang='lat' dir='ltr'>adeo</span> <span class='ocrx_word' id='word_1_184' title='bbox 798 1552 1042 1620; x_wconf 73' lang='lat' dir='ltr'>pellucidae,</span> <span class='ocrx_word' id='word_1_185' title='bbox 1062 1566 1110 1600; x_wconf 92' lang='lat' dir='ltr'>ut</span> <span class='ocrx_word' id='word_1_186' title='bbox 1123 1551 1318 1619; x_wconf 86' lang='lat' dir='ltr'>crystallo</span> <span class='ocrx_word' id='word_1_187' title='bbox 1327 1551 1572 1619; x_wconf 83' lang='lat' dir='ltr'>ambiguam</span> <span class='ocrx_word' id='word_1_188' title='bbox 1587 1550 1773 1619; x_wconf 88' lang='lat' dir='ltr'>palmam</span> <span class='ocrx_word' id='word_1_189' title='bbox 1785 1550 1944 1601; x_wconf 85' lang='lat' dir='ltr'>faciant</span> 
     </span>
     <span class='ocr_line' id='line_1_22' title="bbox 288 1618 1944 1689; baseline -0.004 -15"><span class='ocrx_word' id='word_1_190' title='bbox 288 1626 551 1674; x_wconf 89' lang='lat' dir='ltr'>&amp;minimus</span> <span class='ocrx_word' id='word_1_191' title='bbox 568 1626 611 1671; x_wconf 86' lang='lat' dir='ltr'>in</span> <span class='ocrx_word' id='word_1_192' title='bbox 628 1623 768 1671; x_wconf 88' lang='lat' dir='ltr'>fundo</span> <span class='ocrx_word' id='word_1_193' title='bbox 787 1622 953 1688; x_wconf 88' lang='lat' dir='ltr'>lapillus</span> <span class='ocrx_word' id='word_1_194' title='bbox 964 1636 1177 1689; x_wconf 85' lang='lat' dir='ltr'>appareat.</span> <span class='ocrx_word' id='word_1_195' title='bbox 1214 1620 1286 1670; x_wconf 85' lang='lat' dir='ltr'>Ad</span> <span class='ocrx_word' id='word_1_196' title='bbox 1305 1622 1413 1688; x_wconf 90' lang='lat' dir='ltr'>ripas</span> <span class='ocrx_word' id='word_1_197' title='bbox 1441 1622 1665 1671; x_wconf 89' lang='lat' dir='ltr'>ubiminus</span> <span class='ocrx_word' id='word_1_198' title='bbox 1681 1618 1944 1687; x_wconf 71' lang='lat' dir='ltr'>profundus,</span> 
     </span>
     <span class='ocr_line' id='line_1_23' title="bbox 288 1681 1944 1758; baseline -0.001 -17"><span class='ocrx_word' id='word_1_199' title='bbox 288 1693 417 1742; x_wconf 88' lang='lat' dir='ltr'>flores</span> <span class='ocrx_word' id='word_1_200' title='bbox 434 1698 536 1742; x_wconf 86' lang='lat' dir='ltr'>Lien</span> <span class='ocrx_word' id='word_1_201' title='bbox 547 1693 623 1754; x_wconf 81' lang='lat' dir='ltr'>‚de</span> <span class='ocrx_word' id='word_1_202' title='bbox 641 1692 798 1757; x_wconf 89' lang='lat' dir='ltr'>quibus</span> <span class='ocrx_word' id='word_1_203' title='bbox 811 1691 1130 1758; x_wconf 80' lang='lat' dir='ltr'>supra‚copiose</span> <span class='ocrx_word' id='word_1_204' title='bbox 1144 1690 1347 1740; x_wconf 87' lang='lat' dir='ltr'>crescunt.</span> <span class='ocrx_word' id='word_1_205' title='bbox 1381 1681 1555 1741; x_wconf 66' lang='lat' dir='ltr'>Accola:</span> <span class='ocrx_word' id='word_1_206' title='bbox 1571 1689 1883 1758; x_wconf 77' lang='lat' dir='ltr'>elegantiffimis</span> <span class='ocrx_word' id='word_1_207' title='bbox 1897 1690 1944 1739; x_wconf 88' lang='lat' dir='ltr'>in</span> 
     </span>
     <span class='ocr_line' id='line_1_24' title="bbox 287 1758 1944 1828; baseline -0.002 -17"><span class='ocrx_word' id='word_1_208' title='bbox 287 1782 343 1811; x_wconf 90' lang='lat' dir='ltr'>eo</span> <span class='ocrx_word' id='word_1_209' title='bbox 358 1763 536 1813; x_wconf 84' lang='lat' dir='ltr'>navibus</span> <span class='ocrx_word' id='word_1_210' title='bbox 554 1762 849 1828; x_wconf 86' lang='lat' dir='ltr'>voluptatibus</span> <span class='ocrx_word' id='word_1_211' title='bbox 867 1763 1139 1828; x_wconf 87' lang='lat' dir='ltr'>pulcherrimi</span> <span class='ocrx_word' id='word_1_212' title='bbox 1165 1760 1251 1808; x_wconf 91' lang='lat' dir='ltr'>loci</span> <span class='ocrx_word' id='word_1_213' title='bbox 1272 1761 1317 1807; x_wconf 88' lang='lat'>&amp;</span> <span class='ocrx_word' id='word_1_214' title='bbox 1336 1762 1468 1828; x_wconf 85' lang='lat' dir='ltr'>genio</span> <span class='ocrx_word' id='word_1_215' title='bbox 1485 1760 1562 1809; x_wconf 87' lang='lat' dir='ltr'>suo</span> <span class='ocrx_word' id='word_1_216' title='bbox 1578 1759 1780 1810; x_wconf 85' lang='lat' dir='ltr'>deliciose</span> <span class='ocrx_word' id='word_1_217' title='bbox 1800 1758 1944 1810; x_wconf 71' lang='lat' dir='ltr'>indul-</span> 
     </span>
     <span class='ocr_line' id='line_1_25' title="bbox 287 1848 402 1900; baseline 0.009 -19"><span class='ocrx_word' id='word_1_218' title='bbox 287 1848 402 1900; x_wconf 81' lang='lat' dir='ltr'>gent.</span> 
     </span>
    </p>

    <p class='ocr_par' dir='ltr' id='par_1_8' title="bbox 289 1897 1945 2087">
     <span class='ocr_line' id='line_1_26' title="bbox 359 1897 1945 1969; baseline -0.003 -19"><span class='ocrx_word' id='word_1_219' title='bbox 359 1902 492 1968; x_wconf 83' lang='lat' dir='ltr'>Apud</span> <span class='ocrx_word' id='word_1_220' title='bbox 513 1907 664 1969; x_wconf 77' lang='lat' dir='ltr'>Unping</span> <span class='ocrx_word' id='word_1_221' title='bbox 679 1903 722 1948; x_wconf 87' lang='lat' dir='ltr'>in</span> <span class='ocrx_word' id='word_1_222' title='bbox 739 1904 893 1959; x_wconf 66' lang='lat' dir='ltr'>Fokien,</span> <span class='ocrx_word' id='word_1_223' title='bbox 907 1900 1027 1966; x_wconf 85' lang='lat' dir='ltr'>palus</span> <span class='ocrx_word' id='word_1_224' title='bbox 1040 1905 1191 1962; x_wconf 86' lang='lat' dir='ltr'>Loxui‚</span> <span class='ocrx_word' id='word_1_225' title='bbox 1206 1899 1250 1947; x_wconf 89' lang='lat' dir='ltr'>id</span> <span class='ocrx_word' id='word_1_226' title='bbox 1261 1899 1320 1947; x_wconf 89' lang='lat' dir='ltr'>est</span> <span class='ocrx_word' id='word_1_227' title='bbox 1329 1917 1449 1966; x_wconf 85' lang='lat' dir='ltr'>aquae</span> <span class='ocrx_word' id='word_1_228' title='bbox 1459 1898 1602 1948; x_wconf 90' lang='lat' dir='ltr'>viridis</span> <span class='ocrx_word' id='word_1_229' title='bbox 1605 1927 1618 1958; x_wconf 90' lang='lat'>,-</span> <span class='ocrx_word' id='word_1_230' title='bbox 1628 1917 1725 1948; x_wconf 88' lang='lat' dir='ltr'>nam</span> <span class='ocrx_word' id='word_1_231' title='bbox 1735 1916 1844 1964; x_wconf 87' lang='lat' dir='ltr'>aqua</span> <span class='ocrx_word' id='word_1_232' title='bbox 1852 1897 1945 1960; x_wconf 84' lang='lat' dir='ltr'>ejus</span> 
     </span>
     <span class='ocr_line' id='line_1_27' title="bbox 289 1967 1944 2035; baseline -0.001 -17"><span class='ocrx_word' id='word_1_233' title='bbox 289 1970 398 2018; x_wconf 87' lang='lat' dir='ltr'>adeo</span> <span class='ocrx_word' id='word_1_234' title='bbox 416 1971 627 2018; x_wconf 86' lang='lat' dir='ltr'>viriditate</span> <span class='ocrx_word' id='word_1_235' title='bbox 650 1972 781 2018; x_wconf 83' lang='lat' dir='ltr'>satura</span> <span class='ocrx_word' id='word_1_236' title='bbox 798 1970 858 2018; x_wconf 85' lang='lat' dir='ltr'>est</span> <span class='ocrx_word' id='word_1_237' title='bbox 870 2008 883 2030; x_wconf 83' lang='lat'>‚</span> <span class='ocrx_word' id='word_1_238' title='bbox 914 1970 1121 2018; x_wconf 61' lang='lat' dir='ltr'>utcunsta</span> <span class='ocrx_word' id='word_1_239' title='bbox 1133 2009 1146 2031; x_wconf 84' lang='lat'>,</span> <span class='ocrx_word' id='word_1_240' title='bbox 1178 1987 1274 2035; x_wconf 83' lang='lat' dir='ltr'>quae</span> <span class='ocrx_word' id='word_1_241' title='bbox 1292 1971 1332 2016; x_wconf 90' lang='lat' dir='ltr'>ei</span> <span class='ocrx_word' id='word_1_242' title='bbox 1346 1969 1640 2035; x_wconf 78' lang='lat' dir='ltr'>intinguntur,</span> <span class='ocrx_word' id='word_1_243' title='bbox 1658 1968 1781 2017; x_wconf 79' lang='lat' dir='ltr'>viridi</span> <span class='ocrx_word' id='word_1_244' title='bbox 1796 1967 1944 2032; x_wconf 71' lang='lat' dir='ltr'>colore⁷</span> 
     </span>
     <span class='ocr_line' id='line_1_28' title="bbox 290 2038 465 2087; baseline 0.006 -2"><span class='ocrx_word' id='word_1_245' title='bbox 290 2038 465 2087; x_wconf 87' lang='lat' dir='ltr'>inficiat.</span> 
     </span>
    </p>
   </div>
   <div class='ocr_carea' id='block_1_5' title="bbox 1725 2984 1944 3031">
    <p class='ocr_par' dir='ltr' id='par_1_9' title="bbox 1725 2984 1944 3031">
     <span class='ocr_line' id='line_1_29' title="bbox 1725 2984 1944 3031; baseline -0.018 -3"><span class='ocrx_word' id='word_1_246' title='bbox 1725 2984 1944 3031; x_wconf 62' lang='lat' dir='ltr'>CAPUT</span> 
     </span>
    </p>
   </div>
  </div>
 </body>
</html>
