2114 3412
342 145 407 207 ad
415 147 732 231 Magnum
746 142 1002 205 Tartariae
1017 150 1240 232 Sinaeque
1261 149 1303 209 C
1300 147 1507 212 hamum.
1627 162 1630 165 ”
1682 174 1712 212 2
1724 179 1753 222 9

103 256 231 305 limen
247 251 494 316 insequitur,
511 249 585 296 ubi
600 250 1038 311 iteruminclinantur,
1069 264 1160 299 tum
1171 254 1488 319 rogathospites
1507 257 1642 303 Herus
1654 292 1667 315 ,
1690 259 1753 304 uti

105 322 173 373 vel
187 338 350 388 equum
363 359 376 380 ,
386 319 459 367 vel
475 317 745 384 gestatoriam
758 318 911 366 Sellam
924 359 936 379 ‚
973 323 1059 386 quit
1071 336 1270 369 venerant
1279 361 1291 382 ,
1312 323 1595 372 conscendere
1607 325 1753 375 velint.

105 393 243 450 Qiod
259 393 287 439 ii
308 388 441 436 facere
457 387 667 445 recusant,
690 390 735 435 8(
748 390 911 436 Herum
927 388 1080 436 domus
1097 405 1273 454 rogant,
1299 395 1360 438 uti
1383 392 1422 439 se
1439 395 1483 439 in
1502 394 1683 442 domum
1691 412 1754 443 rea

106 463 251 527 cipiat.
285 461 403 506 Tum
426 455 496 503 ille
513 456 565 503 ad
589 457 719 504 limen
744 459 883 504 versus
896 461 1051 505 iterum
1074 459 1322 520 inclinatur,
1356 463 1401 507 8(
1428 461 1616 527 hospites
1632 463 1755 513 fimili

104 531 188 577 ritu
207 528 417 576 honorem
438 525 694 591 rependunt.
729 528 933 592 Denique
944 527 1030 588 jam
1056 526 1186 575 limen
1212 530 1411 595 ingressus
1431 533 1559 578 tertio
1579 533 1754 580 inclina-

105 596 478 662 tur,hospitesque
494 595 653 642 eodem
666 597 749 642 ritu
769 594 1040 661 respondent.
1077 599 1196 644 Tum
1217 601 1352 646 Herus
1366 600 1520 647 domus
1542 601 1584 647 in
1605 601 1754 650 limine

104 667 146 714 se
163 665 383 731 hospitum
399 663 531 711 oculis
544 664 804 725 subtrahens,
815 683 978 713 moram
988 669 1035 713 iis
1049 667 1249 713 concedit
1259 668 1478 733 equitandi
1495 709 1508 729 ,
1520 684 1592 715 aut
1606 671 1649 717 in
1660 670 1756 718 sella

104 734 348 783 confidendi
364 773 377 795 ,
410 736 455 781 8(
478 748 653 799 repente
675 735 893 800 egrediens
918 735 1121 783 abeuntes
1149 735 1308 787 salutat.
1357 741 1479 786 Hanc
1500 756 1650 786 vocem
1679 736 1755 802 Cin

103 803 318 871 usurpans,
331 807 375 851 8(
388 805 528 851 ambas
541 805 645 850 intra
657 804 814 851 vestem
832 821 978 852 manus
987 805 1153 853 elevans
1165 845 1178 865 ‚
1191 823 1238 853 ac
1253 806 1493 872 deprimens
1504 848 1518 868 2
1538 808 1659 873 quod
1676 808 1755 855 ho-

106 875 232 940 spites
253 873 330 939 ipsi
345 873 884 931 adamuffimimitantur‚&
903 874 1017 923 abire
1036 875 1428 942 pergunt,denique
1446 880 1582 924 Herus
1597 877 1750 925 domus

105 943 314 990 famulum
332 945 462 991 mittit
479 981 491 1001 ‚
526 944 600 1007 qui
630 942 879 991 abeuntium
898 943 1133 1010 assequatur
1164 944 1336 1010 vestigia
1349 987 1361 1007 ,
1398 948 1443 993 8(
1474 947 1550 993 suo
1575 952 1753 994 nomine

106 1011 272 1072 salutet,
288 1011 403 1059 idem
415 1011 491 1076 ipsi
509 1011 697 1075 hospites
716 1010 890 1072 faciunt,
901 1016 946 1060 8(
959 1024 1036 1079 per
1047 1012 1227 1060 famulos
1239 1013 1332 1062 suos
1344 1015 1580 1063 resalutant.

172 1082 410 1145 Imperator
426 1079 659 1127 SinensIum
683 1080 806 1145 supra
824 1100 974 1129 omnes
998 1082 1184 1146 reliquos
1212 1087 1343 1131 totius
1360 1084 1474 1131 orbis
1499 1085 1756 1133 Monarchas
1773 1102 1888 1134 Modus

105 1149 271 1200 colitur,
313 1152 457 1196 Nemo
472 1167 572 1196 eum
582 1163 734 1215 practer
746 1151 988 1209 Eunuchos,
997 1150 1109 1198 filios
1120 1153 1164 1198 8(
1177 1150 1542 1218 ᾗ1ἰ33)3110(]υἰῐι1ι·,
1579 1154 1754 1220 Reliqui
1772 1145 1905 1215 {fflffia‘

105 1218 375 1285 Magistratus
391 1218 558 1266 nonnisi
569 1236 644 1284 per
660 1217 826 1266 libellos
843 1220 1052 1285 supplices
1074 1238 1174 1267 cum
1190 1238 1244 1267 eo
1262 1237 1408 1288 agunt.
1444 1225 1535 1280 Qu
1552 1236 1618 1271 tot
1630 1226 1756 1271 vene-
1773 1227 1920 1297 29001210‘

105 1289 279 1336 rationis
294 1288 495 1336 formulas
510 1289 756 1347 continent,
779 1302 827 1335 ut
843 1289 1010 1337 nonnisi
1028 1288 1082 1335 ab
1100 1291 1338 1339 exercitatis
1351 1293 1558 1356 componi
1570 1292 1754 1357 possunt,
1774 1278 1783 1296 ι
1796 1279 1814 1298 ¹'

104 1358 244 1405 Initio
260 1358 365 1404 novi
385 1359 481 1404 anni
493 1356 594 1422 (qui
615 1357 777 1421 semper
794 1359 1023 1406 novilunio
1040 1371 1137 1405 ante
1163 1358 1233 1405 vel
1249 1360 1347 1425 post
1364 1377 1522 1408 nonam
1542 1360 1757 1409 Februarii

105 1427 277 1474 initium
294 1426 451 1493 caput)
475 1424 643 1492 singula:
664 1428 895 1475 Provinciae
919 1429 1102 1493 Legatos
1126 1428 1237 1493 Regi
1261 1430 1520 1494 gratulatum
1552 1432 1757 1494 mittunt,

107 1495 230 1561 quod
246 1514 516 1561 unoquoque
527 1496 711 1542 triennio
723 1495 873 1557 majori
884 1514 982 1543 cum
994 1514 1156 1562 pompa
1167 1495 1261 1543 fieri
1272 1498 1389 1548 solet.

175 1567 312 1612 Prima
326 1565 397 1612 die
417 1563 645 1613 Novilunii
665 1564 933 1631 Magistratus
949 1584 1025 1631 per
1040 1564 1219 1632 singulas
1230 1568 1418 1616 civitates
1429 1567 1659 1616 Thronum
1670 1573 1757 1617 Re-

106 1637 227 1700 gium
238 1652 338 1681 cum
349 1637 481 1683 aureis
491 1633 764 1681 Draconibus
780 1634 957 1683 adorant
967 1673 979 1695 ,
991 1638 1036 1684 &
1049 1637 1162 1702 Regi
1174 1637 1258 1684 alta
1266 1655 1374 1685 voce
1385 1640 1512 1686 decem
1537 1641 1632 1685 mille
1646 1658 1756 1687 annos

106 1716 404 1770 apprecantur.
422 1703 619 1753 Natalem
633 1704 812 1769 quoque
829 1703 920 1766 ejus
932 1704 1073 1752 faustis
1090 1706 1444 1771 gratulationibus
1456 1710 1502 1757 &
1514 1707 1760 1757 muneribus

107 1775 338 1839 quotannis
356 1772 567 1839 pompose
579 1775 736 1839 Pekmgi
752 1774 983 1823 celebrant.
1018 1777 1186 1822 Omnes
1201 1778 1276 1841 qui
1292 1776 1581 1837 officiun1,aut
1591 1776 1759 1829 donum

107 1844 263 1908 &Rege
278 1856 548 1909 acceperunt,
563 1842 749 1890 Throno
759 1842 849 1904 ejus
859 1882 871 1903 ‚
884 1847 1108 1910 Purpureis
1122 1844 1260 1894 induti
1272 1850 1403 1914 togis,
1421 1849 1467 1895 8(
1483 1848 1615 1894 aureis
1636 1848 1679 1895 in
1688 1865 1758 1895 ca-

107 1914 198 1978 pite
209 1911 449 1960 Tulbandis
458 1949 471 1971 ,
491 1912 700 1960 honorem
716 1911 959 1961 solemniter
973 1913 1183 1961 exhibent
1198 1953 1210 1975 ‚
1242 1930 1421 1982 utraque
1430 1932 1558 1963 manu
1569 1916 1759 1964 tabulam

107 1980 338 2030 eburneam
353 2020 365 2042 ,
380 1996 565 2049 quatuor
583 1981 742 2047 digitos
760 1982 887 2030 latam
902 1983 947 2029 8(
967 1982 1147 2030 duarum
1164 2002 1368 2032 manuum
1387 1985 1660 2052 longitudine
1670 1987 1760 2044 ,ori

108 2052 394 2116 praetendunt,
407 2051 577 2116 quoties
591 2068 735 2099 coram
745 2053 867 2118 Rege
879 2089 891 2111 ,
902 2066 975 2099 aut
984 2051 1074 2112 ejus
1089 2053 1276 2101 Throno
1295 2055 1548 2121 loquuntur.

177 2119 302 2167 Olim
314 2122 411 2167 Rex
423 2122 468 2167 in
485 2121 673 2167 Throno
692 2120 766 2168 suo
777 2138 832 2167 ex
845 2121 1014 2169 sublimi
1029 2120 1132 2169 loco
1143 2122 1198 2170 de
1209 2122 1402 2185 fenestra,
1412 2125 1563 2172 taciem
1572 2123 1762 2172 eburnea

109 2188 253 2235 tabula
264 2191 308 2236 8(
327 2191 459 2236 aureis
473 2190 644 2248 cateniS,
659 2207 705 2236 ac
716 2204 974 2255 gemmatum
986 2192 1110 2255 copia
1124 2192 1254 2240 tesius
1265 2230 1277 2251 ‚
1287 2195 1342 2241 ita
1352 2195 1392 2242 se
1409 2193 1760 2258 conspiciendum

109 2257 327 2323 praebebat
342 2295 354 2317 ‚
382 2272 429 2305 ut
449 2273 589 2305 tamen
606 2257 730 2306 facies
740 2258 830 2319 ejus
847 2259 901 2305 ab
925 2259 1151 2306 astantibus
1170 2260 1303 2307 videri
1324 2281 1412 2309 non
1432 2263 1634 2327 potuerit.
1673 2261 1758 2307 Sed

109 2323 338 2392 quomodo
365 2345 543 2394 magnus
563 2327 752 2373 Chamus
768 2328 968 2373 Tartariae
1003 2327 1232 2376 hodiernus
1260 2329 1483 2397 leLegatis
1504 2332 1758 2377 Batavorum

110 2395 369 2456 exhibuerit,
381 2397 502 2462 supra
516 2397 715 2444 diximus,

150 2465 421 2532 Imperatoris
436 2464 616 2513 vestium
625 2465 746 2513 color
757 2464 1046 2530 flavus,neque
1056 2465 1238 2524 aliis,nifi
1249 2469 1391 2534 Regio
1402 2468 1601 2533 sanguine
1610 2470 1757 2516 oriun-
1773 2492 1871 2526 0012„

112 2532 175 2580 dis
191 2552 248 2582 eo
266 2538 329 2582 uti
347 2535 526 2583 licitum.
561 2533 703 2582 Vestes
713 2534 804 2595 ejus
815 2537 860 2581 8(
874 2535 1077 2583 Palatium
1089 2576 1103 2595 ,
1114 2536 1450 2602 vasa‚suppellex
1463 2577 1477 2598 ,
1489 2539 1535 2584 8(
1546 2537 1754 2602 quicquid
1772 2535 1909 2608 {ffifffn

113 2605 301 2669 Regium
310 2605 487 2671 plenum
496 2603 768 2652 Draconibus
788 2604 905 2651 flavis
924 2605 1183 2670 conspicitur
1201 2626 1210 2652 :
1235 2609 1469 2671 ipsheetiam
1479 2607 1755 2671 tegulae‚quas
1772 2618 1876 2650 flavus-

115 2670 245 2736 aliqui
260 2673 363 2721 falso
373 2691 514 2722 aureas
523 2688 729 2740 putarunt
740 2709 752 2732 ,
776 2691 874 2721 cum
884 2672 1040 2739 figlinae
1052 2673 1131 2722 sint
1142 2674 1256 2722 flavo
1266 2676 1414 2725 colore
1425 2676 1470 2721 8(
1484 2674 1756 2724 Draconibus

115 2739 330 2804 pit‘RUratae
346 2781 360 2802 ‚
390 2760 438 2790 ac
455 2743 580 2792 clavis
595 2780 607 2803 ,
639 2760 826 2808 quorum
844 2745 984 2808 capita
998 2742 1251 2803 flava,te&o
1266 2744 1417 2795 affixae.
1453 2746 1493 2791 Si
1509 2747 1604 2809 quis
1639 2745 1758 2794 flavo

115 2822 261 2857 utatur·
271 2812 430 2871 colore,
443 2813 601 2862 crimen
612 2811 844 2874 Maiestatis
858 2814 1101 2861 committit.

182 2879 280 2926 Rex
307 2883 552 2945 parentibus
570 2881 896 2947 Magistratuum
915 2918 928 2941 ,
961 2881 1098 2929 viduis
1131 2895 1204 2928 aut
1223 2895 1423 2930 extremae
1448 2881 1618 2931 seneffle
1638 2886 1759 2945 viris,
1774 2913 1914 2946 Tmffim,

115 2946 359 3012 frequenter
382 2949 627 3000 honorarios
639 2949 783 2998 titulos
803 2950 998 3017 largitur,
1015 2968 1155 3016 neque
1165 2950 1304 3013 major
1314 2952 1392 2999 illis
1414 2953 1553 3000 honos
1575 2953 1666 3001 fieri
1676 2973 1757 3020 po·
1773 2955 1915 3026 {cffijffin

116 3015 207 3063 test.
248 3018 376 3065 Tales
410 3021 554 3068 titulos
587 3019 779 3085 postibus
804 3020 1025 3082 januarum
1050 3020 1218 3068 suarum
1250 3020 1491 3087 spe&actilo
1516 3022 1756 3089 praefigunt.
1775 3035 1874 3080 magni

116 3084 235 3136 Idem
248 3087 517 3155 Magistratus
536 3106 713 3155 quoque
730 3091 874 3137 amicis
890 3089 968 3138 suis
985 3089 1275 3138 intimioribus
1291 3090 1484 3157 praestant
1502 3092 1759 3159 Magistrati-
1773 3076 1897 3108 famum·

1100 3158 1189 3206 ds

1165 3197 1190 3225 3
1678 3158 1759 3205 bus
