2114 3412
341 164 734 248 adfflagnmn
745 160 1002 223 Tartariae
1020 165 1240 247 Simque
1260 164 1302 224 C
1299 162 1487 225 hanam.
1669 183 1697 229 8
1711 190 1733 237 3

109 1616 276 1671 partem
308 1607 549 1670 incoquunt
593 1625 602 1652 :
649 1605 864 1671 liquorem
896 1604 1093 1671 tepidum
1125 1597 1282 1651 bibunt
1315 1601 1378 1651 bis
1413 1606 1457 1651 in
1490 1603 1561 1650 die
1605 1622 1614 1648 z
1662 1601 1759 1649 reli-

109 1678 248 1740 quum
269 1673 474 1740 frigidum
495 1687 643 1723 contra
659 1674 769 1722 sitim
788 1674 1001 1722 hauriunt.
1036 1674 1219 1739 Singulis
1234 1689 1412 1738 quoque
1435 1672 1585 1720 diebus
1609 1670 1760 1719 drach-

109 1759 226 1793 mam
258 1742 393 1792 tusam
431 1745 475 1792 in
513 1745 616 1793 vino
642 1745 817 1810 capiunt
830 1781 844 1804 ,
875 1743 997 1792 nullo
1029 1760 1170 1792 rerum
1197 1742 1545 1808 quotidianarum
1577 1739 1762 1808 impedi-

110 1826 272 1864 mento.

180 1882 386 1930 Zinziber
409 1900 498 1930 non
521 1880 798 1943 alibimajori
823 1884 950 1948 copia
969 1898 1097 1947 quam
1116 1899 1192 1947 per
1216 1882 1359 1930 Sinam
1381 1879 1539 1928 crescit.
1578 1876 1764 1944 Duplex
1778 1904 1888 1938 Zinzia

111 1947 204 2012 ejus
218 1951 374 2017 species
386 1990 399 2011 ,
413 1970 499 1999 mas
515 1953 560 1998 Sc
580 1952 778 2000 foemina:
797 1950 999 1999 differunt
1013 1946 1418 2017 inagnitudine,rnas
1435 1944 1548 1997 foliis
1564 1947 1762 1996 &radice
1777 1946 1841 1983 δεῖ·
1882 1940 1888 1945 ’

113 2018 261 2081 major.
299 2021 418 2069 Folia
434 2020 558 2068 instar
566 2021 920 2080 arundinoerum,
937 2034 985 2068 ut
993 2036 1100 2086 aegre
1115 2017 1169 2065 ab
1185 2020 1390 2067 arundine
1407 2018 1638 2083 distinguas
1649 2053 1662 2076 2
1676 2035 1764 2066 mas

114 2091 282 2136 unicam
302 2106 451 2139 venam
461 2108 538 2157 per
551 2090 654 2138 folia
674 2090 825 2151 habet,
837 2108 916 2138 nec
930 2090 1038 2137 ultra
1059 2102 1137 2135 tres
1148 2088 1276 2153 pedes
1286 2089 1510 2146 excrescit,
1524 2086 1627 2134 folia
1646 2087 1763 2151 aspe-

116 2175 167 2206 ro
181 2157 294 2207 tafiu
322 2159 480 2224 absque
496 2159 697 2224 pediculo
721 2159 915 2206 arundini
934 2159 1186 2206 adhaerentia
1202 2196 1215 2217 ‚
1248 2158 1419 2206 inferius
1440 2156 1548 2215 sola,
1575 2155 1698 2222 supra
1717 2159 1764 2203 in

115 2230 333 2276 cacumine
349 2227 485 2277 densa.
520 2228 665 2275 Radix
682 2230 798 2275 vario
815 2227 1008 2292 pondere
1025 2228 1070 2272 8<
1095 2226 1416 2290 magnitudine3
1447 2224 1642 2290 quaedam
1666 2223 1762 2270 lon-

116 2315 180 2364 gae
206 2312 391 2362 quatuor
412 2295 655 2361 spithamas,
697 2314 844 2343 ornnes
864 2295 1045 2343 friabiles
1072 2297 1117 2341 3<
1138 2294 1334 2353 nodosae,
1369 2312 1456 2341 non
1483 2291 1698 2357 profunde
1719 2293 1765 2338 in

117 2378 224 2414 terra
243 2367 311 2414 sed
335 2365 548 2413 arundinis
566 2364 689 2411 instar
709 2367 750 2411 in
772 2363 992 2430 superficie
1016 2375 1241 2427 reptantes.
1284 2363 1404 2410 Unus
1425 2362 1584 2410 alterve
1606 2361 1764 2419 nodus,

118 2435 163 2483 in
187 2434 279 2483 solo
296 2433 483 2495 relifius,
515 2448 620 2483 terra
654 2435 810 2496 tegitur
827 2432 879 2479 ad
896 2449 1051 2479 novam
1069 2433 1426 2497 propagationem
1449 2467 1461 2490 ,
1503 2447 1612 2494 aqua
1645 2429 1761 2479 dulci

118 2503 312 2570 aspersus.
348 2503 625 2551 Effodiuntur
634 2501 745 2549 foliis
756 2500 1051 2560 arescentibus,
1064 2504 1183 2565 quod
1197 2499 1336 2546 media
1350 2499 1486 2549 aestarc
1504 2497 1566 2546 fit.

187 2573 276 2622 Alii
295 2573 380 2620 alio
396 2573 532 2621 modo
561 2570 772 2619 Zinziber
792 2583 1042 2637 propagant.
1077 2572 1124 2616 In
1142 2582 1350 2616 autumno
1369 2569 1554 2615 radicem
1572 2566 1762 2616 evellunt

121 2642 298 2707 praeciso
313 2636 777 2704 Zinzibere‚reliquum
793 2656 909 2688 terrae
924 2640 1075 2685 iterum
1085 2639 1377 2697 committunt,
1385 2637 1500 2683 unde
1517 2653 1630 2683 nova
1639 2636 1763 2686 radix

121 2711 399 2776 pronascitur.
433 2709 598 2759 Virides
608 2709 765 2757 radices
774 2707 835 2755 ob
853 2707 1149 2755 humiditatem
1161 2723 1250 2754 non
1260 2706 1369 2753 adeo
1379 2705 1523 2752 calidae
1535 2705 1579 2751 &
1590 2704 1760 2752 morda-

121 2797 204 2838 ces,
213 2794 343 2845 prout
352 2783 563 2837 exiccatae3
576 2776 651 2825 ubi
661 2778 968 2842 aliquantulum
981 2774 1147 2822 Solibus
1158 2774 1512 2833 exiccatae,subtus
1524 2773 1675 2820 limum
1686 2774 1761 2822 de-

123 2846 368 2907 fodiuntur,
388 2867 442 2896 ne
459 2849 482 2895 a
501 2850 712 2896 vermibus
738 2847 1026 2894 corrodantur.
1063 2846 1149 2891 Cui
1168 2844 1281 2891 malo
1300 2843 1536 2891 admodum
1553 2841 1761 2889 obnoxiae

123 2916 230 2963 sunt.
263 2917 468 2964 Zinziber
488 2917 700 2964 luxuriose
713 2915 871 2974 crescit,
890 2927 936 2960 ut
956 2914 1043 2959 aliae
1063 2913 1115 2959 ad
1134 2913 1340 2959 maritima
1359 2910 1510 2961 hcrbae.
1554 2913 1612 2958 Et
1626 2928 1762 2976 quan-

124 3002 253 3049 quam
264 2985 368 3034 Sinae
384 2983 586 3033 Zinziber
597 2987 703 3032 inter
714 2983 848 3031 Olera
857 2984 1050 3049 plantent
1064 3022 1076 3040 ‚
1096 2981 1246 3046 sponte
1256 2995 1396 3027 tamen
1415 2979 1623 3027 hincinde
1633 2982 1762 3027 etiam

124 3055 335 3118 provenit.
371 3053 589 3102 Conditur
606 3056 763 3100 cortice
781 3051 967 3099 detra&
979 3053 1024 3097 8<
1046 3053 1086 3097 in
1106 3051 1238 3095 muria
1250 3049 1314 3096 vel
1331 3064 1456 3097 aceto
1470 3047 1632 3097 duabus
1647 3048 1761 3095 horis

126 3136 381 3172 maceratum
398 3142 408 3170 z
427 3135 678 3188 exemptum
688 3122 829 3169 storeis
841 3122 996 3187 tegitur
1007 3156 1019 3180 ,
1036 3119 1175 3167 donec
1186 3119 1339 3167 humor
1350 3118 1584 3185 superfluus
1599 3114 1761 3163 exudet

1106 3187 1120 3234 l
1158 3206 1181 3235 2
1627 3181 1761 3231 Radia
