2114 3412
342 155 409 214 ad
418 158 734 242 Magnum
750 155 1009 220 Tartariae
1027 161 1071 218 S
1072 164 1247 244 inceque
1264 158 1523 240 chamum.
1668 182 1769 232 107

768 321 773 323 ·
836 302 1040 362 fixuris.
1567 312 1573 315 ’
1762 329 1774 347 ῑ
1804 308 1813 325 ⁵
1841 329 1844 365 Ι

84 1521 192 1570 dum
203 1556 216 1580 ,
234 1521 280 1569 8<
294 1532 342 1567 ut
351 1517 586 1580 videbatur,
596 1521 730 1586 aperti
741 1520 921 1586 Ρεᾶοτίε
933 1542 946 1580 3
960 1519 1030 1569 sed
1041 1522 1353 1571 attonitussatis
1372 1523 1509 1573 mirari
1521 1525 1747 1591 nequibat:

83 1606 153 1657 quo
171 1588 255 1652 fato
275 1594 310 1635 in
330 1589 478 1637 ultimas
502 1589 580 1636 illas
599 1590 917 1657 remotissimasque
933 1594 1104 1638 Sinarum
1122 1609 1227 1651 oras,
1249 1595 1292 1639 δεῖ
1312 1594 1402 1659 quid
1413 1595 1460 1641 iln'
1479 1597 1616 1653 afflari,
1636 1599 1753 1660 *venyss

77 1657 195 1721 semus
215 1694 227 1718 ,
246 1676 324 1705 nec
346 1656 463 1705 aliter
479 1676 527 1705 ac
546 1660 627 1705 coelo
645 1657 801 1722 delapfhs
821 1660 1116 1708 contuebatur.
1167 1663 1265 1708 Nec
1283 1661 1457 1710 obscure
1477 1662 1749 1730 significabat,

83 1727 310 1793 postquam
330 1725 671 1775 subintellexisset
690 1728 746 1775 de
766 1727 896 1776 libera
916 1744 1148 1778 mercatura
1163 1732 1252 1795 agi,
1275 1730 1440 1780 strrffias
1449 1733 1595 1780 nostris
1609 1735 1632 1781 a
1654 1741 1750 1784 Ma„

83 1795 286 1860 kaoenfibus
305 1794 510 1844 Lusitanis
526 1798 569 1844 in
593 1797 806 1862 Pekingenfi
813 1796 909 1846 aula
920 1797 1148 1846 calumnias
1160 1835 1173 1858 ,
1194 1802 1240 1848 &
1252 1800 1468 1849 difficilem
1481 1803 1575 1850 fore
1587 1801 1748 1868 aliqua-

84 1883 180 1914 rum
202 1882 341 1913 rerum
361 1865 582 1915 successum
593 1899 608 1921 ‚
623 1866 668 1913 id
680 1866 800 1930 quod
812 1869 948 1915 exitus
957 1867 1166 1933 probavitss
1202 1867 1415 1918 Delefitati
1437 1884 1523 1917 tam
1546 1872 1746 1938 generosa

82 1934 276 1983 libertate
287 1936 363 1982 viri
383 1936 535 2002 Legati
547 1971 560 1995 ,
578 1936 781 1983 convivio
792 1949 1022 2001 exceptum
1033 1937 1289 1999 humaniter,
1303 1938 1434 1987 multa
1446 1938 1583 1988 felicia
1592 1957 1612 1985 a
1615 1959 1744 2005 ppre-

82 2017 248 2052 cantem
260 2040 276 2063 ,
297 2003 556 2052 dimistrunt.

154 2073 284 2121 Haud
303 2073 429 2121 diuin
449 2074 528 2122 hac
550 2072 656 2121 urbe
680 2075 855 2135 morati,
870 2073 994 2124 altera
1007 2077 1077 2125 die
1088 2095 1165 2141 per
1187 2076 1447 2126 fertiliffimas
1467 2080 1682 2144 utrimque
1701 2081 1748 2128 &
1787 2091 1900 2131 Pagum

1768 2131 1935 2164 Smmpm
1970 2138 1979 2140 ⁴

84 2142 313 2190 innumeris
331 2141 504 2189 navibus
518 2142 743 2191 constratas
764 2162 890 2209 aquas
925 2145 1221 2211 conspeximus
1241 2183 1255 2206 ,
1285 2146 1371 2194 sole
1406 2147 1554 2195 occaso
1589 2166 1750 2215 pagum
1769 2180 1927 2214 psaetcma,

85 2213 321 2261 SIAMPU
343 2229 419 2276 per
431 2211 676 2260 cataratstam
694 2230 783 2260 non
800 2213 957 2280 absque
975 2214 1179 2279 periculO,
1190 2217 1310 2280 quod
1324 2220 1503 2280 Heytous
1523 2215 1676 2281 aliique
1686 2219 1753 2264 Si-
1770 2217 1881 2256 V³g³¹¹t·
1946 2237 1948 2241 ·

83 2279 229 2328 nenses
248 2282 291 2328 in
314 2281 447 2343 majus
462 2294 665 2328 auxerant
676 2315 689 2338 ,
706 2283 1050 2348 innavigavimus.
1086 2286 1231 2331 Tanta
1248 2283 1373 2346 hujus
1382 2287 1481 2351 pagi
1491 2286 1599 2332 inter
1611 2288 1753 2333 Cana-

83 2346 170 2396 lem
181 2351 370 2417 Regium
382 2351 427 2397 &
440 2351 605 2396 Croceum
617 2350 779 2396 flumen
791 2348 854 2397 siti
864 2350 1095 2418 longitudo
1107 2351 1166 2398 est
1178 2387 1190 2409 ,
1201 2365 1250 2399 ut
1262 2353 1424 2418 integra
1436 2354 1506 2401 die
1519 2354 1609 2417 ejus
1619 2354 1750 2403 finem

84 2417 266 2483 pedibus
300 2415 639 2484 perambulantes
672 2420 862 2465 invenire
896 2437 984 2466 non
1020 2422 1295 2484 potuerimus.
1340 2422 1473 2470 AEdes
1499 2424 1546 2470 &
1569 2423 1750 2488 Pagodae

83 2485 292 2552 splendidi
317 2509 330 2546 3
362 2486 448 2552 ipse
468 2504 600 2554 pagus
613 2487 783 2552 Oppidi
792 2485 907 2548 jura,
927 2490 974 2536 8<
995 2486 1230 2548 telonium,
1249 2491 1368 2554 quod
1381 2493 1402 2538 a
1416 2490 1547 2538 tribus
1563 2491 1750 2556 publica-

84 2557 150 2602 nis
166 2570 354 2610 curatur,
372 2555 513 2604 habet.
548 2559 664 2603 Nam
677 2556 882 2620 quicquid
902 2558 1073 2605 navium
1085 2557 1318 2614 Canalem,
1337 2561 1384 2608 &
1398 2562 1562 2608 Croceum
1584 2560 1748 2608 fiumen

84 2622 195 2671 ultra
209 2627 397 2689 citraque
407 2638 619 2672 commeat
629 2662 642 2683 ,
665 2624 733 2670 hic
745 2627 969 2674 excutitur.
1002 2627 1125 2674 Unus
1134 2626 1460 2692 publicanorum
1473 2629 1748 2677 Suicheeuwen„
1764 2653 1928 2685 Pertinacia

19 2697 23 2699 ’
76 2693 137 2756 fis
157 2696 329 2741 natione
346 2694 511 2742 cunctas
530 2711 653 2740 naves
669 2729 681 2752 ,
699 2711 875 2758 quarum
898 2708 1016 2742 erant
1033 2695 1134 2743 οᾶο
1150 2730 1163 2754 ,
1182 2709 1331 2761 praeter
1348 2698 1451 2744 duas
1468 2699 1747 2763 Legatorum,
1764 2693 1927 2727 Publicani.

85 2760 247 2809 visitare
268 2763 521 2820 conabatur,
543 2763 664 2828 quod
675 2762 814 2809 credere
831 2781 900 2810 non
910 2761 1009 2827 pqffe
1026 2764 1318 2824 diceret,08to
1336 2779 1422 2813 tam
1434 2783 1604 2831 magnas
1622 2784 1747 2815 naves

86 2847 177 2876 non
198 2829 307 2885 aliis,
327 2849 453 2896 quam
471 2833 754 2896 Imperatoriis
774 2830 897 2879 bonis
916 2831 1083 2879 onustas
1102 2833 1195 2880 esse.
1230 2836 1328 2880 Nec
1346 2835 1508 2898 profuit
1529 2836 1745 2884 excusatio

84 2900 140 2947 ad
164 2897 675 2967 sztonenlemProregem
687 2900 788 2947 duas
807 2899 987 2965 speftare
1016 2919 1025 2945 :
1061 2901 1154 2965 Ipse
1175 2901 1384 2966 propositi
1403 2904 1622 2967 pertinax,
1641 2907 1746 2953 malle

73 2968 132 3031 fi,
148 2967 256 3015 dixit
271 2988 318 3031 ,q
351 2972 413 3014 zcio
422 2968 495 3028 fito
515 2970 658 3028 cedere,
682 2987 792 3036 quam
806 2969 928 3034 fidem
957 2987 1042 3033 etga
1070 2972 1270 3016 Dominum
1285 2989 1431 3019 exuere.
1472 2974 1571 3020 [rent
1593 2973 1746 3022 Pekin-

84 3053 182 3103 garn
208 3059 222 3096 3
259 3036 306 3083 ibi
325 3035 368 3083 de
387 3036 535 3100 injuria,
541 3036 585 3100 fi
602 3037 779 3103 qttaejpfis
793 3039 893 3103 fiat,
908 3041 1073 3102 conqueri
1084 3036 1193 3101 I’Offi’·
1230 3041 1291 3088 lta
1302 3039 1394 3103 ejus
1402 3038 1630 3090 obstinatio
1639 3061 1743 3109 prae-

79 3104 226 3154 valuit.

1013 3177 1061 3222 O
1101 3191 1124 3221 2
1393 3189 1397 3193 ⁴
1638 3178 1743 3225 Inde
