2050 3412
292 164 358 224 ad
372 165 510 232 Μ
512 187 686 250 agnum
701 161 957 224 ‘Tartariae
973 169 1197 251 Sinaeque
1218 167 1466 230 chamum.
1595 193 1618 231 1
1629 193 1667 242 4
1674 193 1700 241 3

56 268 434 333 narchas,Legatus
444 266 703 332 designatus>
725 267 956 332 aperuitex
969 268 1061 332 ipso
1077 267 1377 319 fitu&11abitu
1392 305 1404 328 2
1427 267 1708 336 moribusque

57 337 239 387 barbaris
254 335 425 383 abunde
442 335 592 401 liquet.
940 374 942 376 .

61 442 64 446 Δ
125 410 286 455 Primus
303 407 421 471 regni
437 405 620 454 Niuchici
637 404 837 451 conditor
856 406 964 450 circa
986 408 1160 453 Annum
1180 405 1448 454 millesimum
1459 408 1708 456 sexcentesi-

53 495 175 526 mum
209 478 249 523 N
264 494 293 521 o
307 492 330 521 L
342 492 369 520 H
381 493 405 521 A
420 491 480 520 cn
494 493 518 520 E
548 474 632 522 fuit
643 513 657 534 ‚
691 473 803 520 filius
821 474 944 520 Taxe
958 513 968 531 ,
990 493 1124 539 nepos
1146 477 1351 527 Xiachan.
1398 478 1480 524 Hic
1505 479 1708 527 Nollmclae

57 546 197 612 magni
213 545 411 608 Princeps
427 545 573 604 animi,
584 542 763 590 consilio
779 560 993 607 manuque
1004 560 1228 610 promptus
1240 546 1394 609 pariter
1410 547 1454 592 8<
1466 546 1570 592 felix
1584 583 1596 605 ,
1612 565 1708 613 per-

56 615 194 682 specta
206 615 376 678 Imperii
390 614 517 660 Sinici
527 650 538 672 ,
563 612 623 660 ob
635 613 815 679 longum
826 614 966 659 otium
984 615 1027 660 8<
1040 632 1254 661 armorum
1277 615 1546 661 cessationem
1556 615 1710 663 debili-

57 697 166 743 tate,
189 685 364 749 triginta
373 682 629 731 familiarum
646 680 730 729 sive
752 681 982 729 bordarum
1002 681 1168 748 (neque
1184 683 1300 730 enim
1310 684 1450 748 plures
1466 685 1624 732 Niuche
1637 684 1710 732 ha·

55 751 211 820 bebat)
224 766 357 818 caput
376 752 414 800 se
426 751 660 800 constituit.
696 754 811 799 Mox
822 754 1021 816 proxima
1034 755 1057 798 S
1066 754 1228 800 inarum
1239 751 1493 818 depraedari,
1509 757 1711 821 Leaotmig

57 823 408 881 invadere‚urbcs
421 838 675 888 oppugnare
685 821 751 868 vel
762 838 926 885 capere,
937 838 984 867 ac
1002 821 1242 869 Sinensibus
1257 820 1297 868 se
1313 822 1545 869 terribilem
1561 822 1713 883 facere,

56 911 166 958 quos
181 891 396 938 bellorum
405 892 619 951 desuetos,
632 889 1056 956 libris,religionibus,
1069 893 1113 938 8<
1125 891 1292 938 luxuria
1302 908 1349 938 ac
1358 893 1583 939 comoediis
1592 910 1711 940 ener-

57 977 177 1010 vatos
195 960 318 1008 facile
328 961 350 1007 a
360 959 566 1008 bellicoso
577 961 747 1026 populo
759 963 802 1008 8<
815 959 909 1006 solis
921 961 1041 1006 armis
1056 961 1266 1008 innutrito
1275 961 1457 1026 superari
1468 961 1588 1027 posse
1598 961 1711 1009 haud

59 1029 471 1091 vane‚conje&abat.
505 1032 647 1096 Regni
667 1029 726 1077 sui
737 1047 912 1087 nomen,
922 1030 1042 1093 quod
1053 1030 1270 1092 I<ienchieu
1286 1029 1531 1090 vocabatur,
1546 1031 1713 1079 Nolha-

57 1101 178 1148 chius
194 1100 237 1144 in
256 1101 449 1147 Moucheu
460 1098 765 1157 transmutavit,
774 1099 890 1145 unde
900 1098 1120 1164 hodieque
1132 1100 1295 1147 Tartari
1309 1101 1405 1147 Sina
1420 1100 1547 1165 positi
1566 1119 1711 1166 popu-

58 1170 122 1218 lus
142 1170 336 1217 Moncheu
358 1167 639 1234 appellantur.
672 1170 729 1214 Et
749 1167 854 1214 dum
877 1166 1052 1215 confilia
1067 1170 1175 1215 Sinae
1199 1170 1505 1234 expugnanda:
1530 1171 1713 1219 Nolhach

58 1240 210 1305 coquit
219 1275 232 1297 ,
248 1237 339 1285 fato
354 1253 590 1303 praeventus
602 1236 873 1285 successorem
889 1237 1061 1301 reliquit
1079 1241 1144 1285 M
1139 1237 1289 1301 misnen,
1299 1240 1373 1302 qui
1387 1256 1442 1285 ex
1453 1238 1604 1286 decem
1616 1239 1714 1288 siliis

58 1323 231 1375 quartus
246 1307 398 1355 ordine
406 1322 494 1355 erat
504 1345 517 1368 ,
540 1309 738 1373 Princeps
750 1306 950 1371 pacificus
961 1306 1160 1371 &legum
1171 1324 1311 1354 amans
1328 1346 1338 1363 ,
1358 1308 1433 1373 qni
1444 1322 1500 1354 ex
1513 1308 1713 1356 occiden-

58 1378 133 1425 tali
149 1379 343 1424 Tartaria
352 1377 542 1424 eruditos
555 1378 666 1423 viros
684 1376 905 1441 Religioni
923 1377 969 1423 &
990 1376 1180 1422 moribus
1205 1376 1454 1423 excolendis
1470 1414 1482 1436 ,
1505 1379 1713 1427 evocavit.

59 1446 142 1495 Sed
154 1445 268 1494 haud
278 1445 353 1494 diu
373 1445 574 1512 superstes
598 1445 737 1494 filium
754 1445 928 1510 reliquit
942 1446 1156 1511 Sungleimn
1168 1482 1179 1504 ,
1200 1447 1275 1510 qui
1290 1445 1422 1492 hodie
1434 1447 1714 1498 Tartarorum

58 1514 383 1581 Sinensiumque
393 1528 637 1582 praepotens
656 1519 892 1580 Imperator
914 1513 986 1562 est.

60 1626 63 1629 ⁴
128 1588 266 1633 Causa
284 1585 388 1633 belli
400 1603 481 1634 una
491 1584 729 1651 eademque
745 1621 757 1644 ,
775 1585 1001 1649 antiquum
1013 1584 1120 1631 inter
1130 1597 1356 1649 utramque
1376 1584 1597 1632 nationem
1608 1583 1716 1632 Sini-

59 1672 153 1704 cam
163 1673 211 1702 ac
227 1656 489 1703 Tartaricam
499 1653 651 1702 odium
660 1668 747 1701 erat
759 1655 803 1701 8<
818 1655 859 1700 in
863 1671 875 1714 J
882 1656 982 1702 uriae
993 1652 1099 1701 datae
1108 1667 1391 1719 acceptaeque.
1430 1652 1718 1704 Occasionem

60 1724 250 1792 praefeffi
267 1727 396 1772 Sinici
408 1725 594 1773 Tartaris
610 1722 895 1772 intolerabiles
915 1721 1209 1789 praebuerunt,
1227 1723 1303 1789 qui
1317 1721 1564 1771 bellicosam
1577 1725 1717 1773 natio-

58 1811 162 1843 nem
177 1796 225 1842 &
239 1813 328 1843 non
344 1795 415 1842 sua
429 1795 562 1860 magis
573 1811 702 1859 quam
718 1795 911 1842 Sinarum
925 1792 1080 1840 notitia
1100 1792 1154 1841 ad
1166 1810 1371 1860 magnum
1388 1794 1548 1841 facinus
1557 1795 1718 1842 anima-

61 1878 151 1922 tos,
175 1865 439 1930 quotidianis
449 1863 611 1926 injuriis
622 1864 849 1913 irritarunt.
884 1861 966 1928 Ipsi
978 1864 1107 1910 etiam
1121 1863 1357 1910 Sinensium
1373 1861 1716 1929 praefefflstudio

59 1933 222 1982 bellurn
233 1933 482 1999 quaerebant
494 1971 507 1994 ,
530 1946 579 1982 ut
603 1933 695 1997 ejus
705 1946 917 1999 praetextu
926 1950 1048 1998 aeque
1068 1933 1268 1985 Tartaros
1283 1950 1332 1979 ac
1342 1934 1456 1981 Sinas
1480 1932 1716 1998 depraedari

58 2003 241 2070 possent.
1359 2055 1362 2059 ⁴

131 2071 316 2121 Praefesti
332 2077 565 2139 Leaotungae
579 2073 779 2138 ampliori
798 2071 927 2136 longe
947 2089 1076 2136 quam
1099 2071 1275 2118 aliarum
1295 2072 1616 2118 Provinciarum
1634 2089 1716 2136 po-

62 2139 208 2189 testate
223 2141 433 2189 fruuntur.
471 2142 593 2189 Nulli
613 2143 689 2190 nisi
708 2159 860 2189 arcano
875 2142 1142 2206 Imperatoris
1158 2139 1337 2188 consilio
1350 2142 1561 2187 rationem
1579 2140 1715 2188 admi*¹
1780 2201 1781 2204 Ἰ

62 2208 318 2258 nistrationis
338 2211 363 2257 s
356 2228 418 2256 uae
429 2224 626 2258 tenentur
636 2212 824 2260 reddere.
859 2214 920 2257 Ita
929 2209 1168 2257 absolutam
1179 2209 1296 2274 quasi
1308 2247 1320 2270 ,
1330 2212 1416 2256 vita
1425 2209 1618 2269 durante,
1632 2226 1715 2273 po-

64 2278 254 2327 testatem
277 2278 478 2327 habentes
495 2281 643 2328 cuneta
653 2299 735 2346 pro
760 2280 953 2327 lubidine
968 2297 1092 2345 agere
1115 2282 1162 2327 8<
1176 2294 1428 2325 mercatores
1445 2279 1645 2325 Tartaros
1657 2292 1715 2325 ex

62 2349 234 2396 Niuche
244 2350 287 2396 in
302 2353 506 2415 Leaotung
518 2349 697 2415 pacifice
713 2349 947 2407 tendentes,
958 2347 1066 2396 male
1076 2349 1259 2395 traCmre.
1293 2347 1446 2395 Libera
1458 2348 1714 2395 commercia

63 2417 144 2465 suis
157 2421 183 2465 S
196 2419 579 2484 inicilmpcratores
589 2419 840 2466 cumvicinis
856 2417 1041 2465 Tartaris
1055 2416 1289 2465 Niuchanis
1305 2417 1590 2483 permiserant.
1625 2415 1710 2463 Sed

64 2487 248 2552 praefecti
261 2488 434 2535 sarcinas
442 2489 720 2548 excutiendo,
734 2486 985 2545 detinendQ
994 2501 1244 2535 mercatores
1254 2501 1401 2535 contra
1411 2485 1476 2545 jus
1487 2489 1532 2534 8<
1543 2503 1713 2550 aequum

65 2558 265 2605 vexando
280 2556 527 2606 omniafere
549 2558 803 2605 commercia
831 2554 1130 2605 disturbarunt.
1166 2555 1381 2604 Niuchani
1405 2555 1515 2622 saepc
1538 2554 1614 2601 sub
1629 2555 1712 2601 Le-

70 2640 268 2690 gatorum
291 2628 486 2692 undique
503 2629 546 2673 in
571 2629 712 2674 Sinam
730 2625 1044 2674 confluentium
1071 2629 1280 2674 comitatu
1300 2623 1499 2674 latebant.
1533 2623 1615 2671 Sed
1633 2623 1710 2670 de-

61 2694 271 2759 ‚prehensa
297 2697 446 2744 fraude
467 2714 524 2744 eo
541 2699 709 2762 gravior
724 2693 974 2742 imminebat
992 2713 1135 2760 poena.
1170 2698 1231 2743 lta
1256 2696 1423 2741 Tartari
1447 2708 1714 2762 quocunque

66 2778 278 2827 praetextu
300 2764 492 2830 spoliati,
525 2765 718 2813 inanibus
736 2763 919 2830 querelis
935 2765 1029 2811 suos
1053 2765 1207 2829 pariter
1225 2763 1552 2829 Sinenfiumque
1571 2764 1716 2829 Reges

67 2831 324 2897 fatigabant,
344 2834 549 2899 praefeffis
567 2837 670 2883 inita
685 2834 998 2899 conspiratione
1014 2834 1057 2881 in
1069 2833 1272 2881 violentia
1283 2831 1407 2880 semel
1417 2845 1562 2897 coepta
1573 2867 1586 2894 2
1607 2847 1713 2896 prae·-

69 2899 196 2947 fraere
211 2903 499 2968 pergentibus

137 2970 520 3021 Tertiacausabelli
534 2972 724 3022 haecfuit.
757 2974 857 3018 Rex
878 2970 1026 3018 Niuehe
1038 2970 1168 3020 filiam
1186 2970 1303 3019 alteri
1320 2970 1492 3021 cuidam
1514 2970 1717 3020 Tartaro„

70 3056 164 3085 rum
182 3041 296 3106 Regi
315 3040 480 3088 elocare
490 3041 678 3090 volebat.
713 3040 838 3087 Sinici
853 3040 1035 3087 Praeseeii
1048 3058 1134 3088 rem
1149 3040 1368 3105 indignam
1379 3039 1582 3100 clamore,
1595 3038 1720 3105 quod

71 3106 254 3155 Vasallus
273 3111 539 3179 [inperatoris
550 3108 851 3160 &tributarius
868 3106 1028 3174 absque
1048 3107 1254 3159 consensu
1273 3109 1332 3157 sui
1357 3110 1543 3160 Domini
1564 3106 1720 3166 conju·

1595 3176 1721 3243 aium
