2050 3412
286 125 397 178 150
645 105 790 163 ‘Part
803 99 970 160 ultima
991 99 1274 184 Legationis
1296 101 1557 159 Patavicae

285 207 488 254 damnum
502 215 772 268 acceperant,
793 218 881 249 non
898 198 983 247 ausi
1001 199 1170 266 lopgius
1190 199 1392 265 progredi
1413 202 1459 248 8(
1478 199 1574 246 alias
1597 199 1748 259 urbes,
1781 198 1929 250 validis

287 276 467 323 munitas
481 271 699 337 praesidiis,
731 286 1007 336 oppugnare,
1039 268 1263 334 praesertim
1273 269 1371 333 quia
1386 270 1590 320 Thienkius
1608 266 1775 316 cunetas
1784 271 1933 336 paffirn

290 341 496 410 arigustias
513 341 844 407 propugnaculis
854 337 1157 403 obsepserat‚&
1178 336 1362 385 ininsula
1383 341 1433 386 Cu
1446 339 1626 386 validam
1635 339 1934 403 munitionem,
2002 351 2006 361 ·

291 414 411 460 aditu
421 412 605 459 Tartar-is
622 408 918 476 prohibendo,
935 421 1195 456 extruxerat.
1229 407 1312 455 Sed
1330 410 1526 455 omnium
1549 410 1770 456 acerrimus
1781 410 1935 458 Tarta·

292 499 438 530 rorum
458 480 586 529 hostis
597 482 705 528 Dux
719 480 878 526 Sinicus
894 481 958 524 M
952 480 1159 544 novenlung
1176 476 1256 524 fuit
1272 515 1283 536 ‚
1314 479 1388 541 qui
1408 477 1544 524 valida
1563 475 1681 526 classe
1691 479 1935 543 proximam

293 553 446 600 Koreae
458 551 635 598 Insulam
647 585 660 607 7
677 552 719 595 in
732 548 844 595 ostio
854 546 976 593 fluvii
989 550 1022 594 Υ
1019 549 1075 594 alo
1094 546 1229 606 fitam,
1241 561 1533 611 occupaverat.
1571 547 1653 594 Hie
1674 551 1809 598 Heros
1817 562 1937 617 terga

293 623 571 669 Tartarorum
589 621 801 667 continuis
819 615 1011 664 cladibus
1021 633 1214 681 premens
1227 654 1239 676 ,
1265 632 1442 663 omnem
1451 633 1602 663 eorum
1622 616 1709 664 vim
1728 618 1773 664 in
1781 616 1821 664 se
1829 636 1936 667 con-

294 693 480 751 vertit,&
492 690 602 738 solus
618 688 821 738 sustinuit,
861 689 996 732 Patria
1009 685 1099 747 ejus
1114 684 1406 752 Qantungmbi
1416 685 1524 732 inter
1534 684 1753 734 Lusitanos
1765 689 1830 734 M
1824 688 1938 740 almo-

293 765 425 825 nenses
444 760 545 807 belli
556 774 687 807 artem
698 757 831 804 hausit
841 792 852 814 ,
877 756 923 802 8(
938 755 1071 802 multa
1086 769 1296 803 tormenta
1307 773 1361 801 ex
1380 753 1636 801 Hollandica
1651 756 1747 804 navi
1757 753 1810 803 ad
1820 754 1938 804 littus

294 828 522 888 confrafia,
536 828 674 875 secum
685 828 837 884 attulit,
846 843 892 872 ae
901 827 944 872 in
957 826 1172 872 moenibus
1182 823 1296 871 urbis
1311 825 1364 873 N
1366 827 1535 890 ingyven,
1555 841 1648 888 quae
1658 824 1796 873 amissa
1808 828 1939 873 Leao.

285 920 401 966 yang,
411 899 536 946 altera
549 898 733 946 Thienkto
744 893 994 959 metropolis
1003 893 1231 941 constituta
1242 908 1328 941 erat
1340 931 1352 953 ,
1368 893 1585 959 disposuit.
1619 895 1666 940 In
1675 912 1724 943 ea
1733 892 1840 942 urbe
1851 894 1939 944 Tu-

296 983 430 1035 tangus
449 968 531 1016 sive
544 970 702 1013 Prorex
716 1003 728 1024 ,
747 966 907 1031 Regius
918 964 1126 1028 inspe&or
1138 963 1183 1008 &
1195 965 1323 1010 totius
1341 963 1469 1009 Sinici
1479 964 1688 1010 exercitus
1703 962 1836 1010 robur
1845 981 1938 1027 verss

296 1038 474 1085 sabatur.
516 1036 681 1083 Tartari
716 1036 842 1082 toties
869 1034 956 1095 jam
976 1034 998 1079 a
1024 1037 1088 1080 M
1083 1035 1284 1099 aovelmgo
1303 1031 1546 1098 ingentibus
1563 1031 1755 1080 cladibus
1780 1030 1914 1081 affeffi
1924 1072 1939 1094 ‚

294 1125 423 1171 quem
435 1106 548 1154 ferro
568 1123 656 1152 non
670 1118 889 1169 poterant>
906 1101 1052 1150 fraude
1071 1101 1332 1149 conabantur
1344 1102 1541 1165 decipere
1552 1139 1564 1160 ‚
1579 1100 1806 1150 dimidium
1829 1104 1939 1151 Sinae

294 1179 526 1240 Imperium
537 1174 644 1221 clam
658 1173 837 1238 polliciti
851 1210 863 1232 ,
876 1171 905 1219 si
919 1188 1018 1219 curn
1029 1174 1164 1236 copiis
1181 1171 1259 1218 suis
1270 1169 1557 1218 transitionem
1568 1170 1746 1231 faceret,
1767 1189 1814 1218 ac
1829 1173 1938 1221 Tar-

295 1246 465 1291 tarieam
482 1243 699 1290 fortunam
721 1242 974 1306 sequeretur.
1013 1241 1094 1286 Sed
1114 1240 1191 1305 ipsi
1209 1239 1553 1304 inexpugnabilis
1565 1239 1685 1300 fides,
1701 1258 1749 1287 ac
1771 1247 1879 1289 malle
1892 1243 1939 1306 se

297 1316 450 1361 exulem
462 1317 595 1378 vagari
607 1327 671 1359 aut
678 1327 744 1375 pro
751 1316 875 1375 patria
893 1311 1124 1369 occumbere,
1144 1330 1255 1376 quam
1271 1310 1596 1373 perfidiafivnam
1611 1313 1939 1377 integritatemque

283 1384 435 1448 sudare
445 1381 647 1445 professus
664 1380 758 1428 fuit.

360 1454 421 1499 Ita
430 1453 595 1497 Tartari
609 1450 800 1516 undique
821 1449 893 1515 spe
905 1449 975 1497 sua
985 1448 1074 1498 falsi
1091 1449 1222 1515 usque
1239 1449 1291 1496 ad
1309 1466 1465 1496 annum
1481 1447 1753 1497 millesimum
1767 1449 1940 1498 sexcen-

290 1520 487 1568 tesimum
506 1519 756 1584 vigesimum
773 1522 975 1584 quintum
1005 1521 1320 1584 conquiverunt
1356 1538 1365 1564 ε
1404 1518 1576 1568 tandem
1601 1518 1746 1567 animo
1763 1532 1941 1585 recepto

293 1592 513 1658 Nitggyven
525 1589 815 1637 obsederunt..
833 1589 916 1637 Sed
929 1593 994 1638 M
987 1591 1216 1656 aovelmgus
1224 1601 1400 1654 repente
1420 1587 1499 1634 illis
1515 1589 1717 1654 ingruens
1728 1624 1741 1647 ,
1750 1605 1849 1636 cum
1862 1587 1940 1635 de·-

288 1677 384 1708 cem
401 1659 584 1708 millium
597 1659 730 1725 strage
741 1696 754 1719 ,
779 1661 889 1707 inter
907 1659 1031 1707 caesos
1041 1658 1128 1724 ipse
1151 1660 1281 1725 Regis
1297 1659 1454 1707 Niuche
1465 1655 1658 1707 filiuseos
1668 1656 1943 1707 obsidionem

289 1729 451 1778 solvere
461 1731 620 1796 coegit.
653 1731 779 1778 Mors
790 1730 917 1795 Regii
932 1728 1098 1791 juvenis
1108 1727 1162 1775 ad
1177 1741 1344 1776 tantum
1353 1726 1543 1775 furorem
1556 1727 1701 1794 adegit
1714 1727 1915 1776 Tartaros
1928 1763 1944 1788 ‚

289 1813 338 1847 ut
351 1818 427 1865 per
439 1798 618 1865 glaciem
629 1797 796 1864 (media
805 1812 894 1846 erat
912 1798 1058 1864 hyems
1079 1798 1126 1844 8(
1149 1796 1300 1845 ωηᾶἰει
1318 1795 1496 1843 flumina
1505 1794 1861 1863 congelaverant)
1878 1796 1946 1846 in-

288 1869 420 1916 sulam
437 1870 645 1926 Thaoyven
660 1871 954 1933 irrumperent,
965 1885 1011 1916 ac
1026 1866 1265 1933 praefidium
1275 1866 1424 1913 decem
1438 1865 1619 1914 millium
1629 1882 1728 1915 cum
1741 1865 1948 1916 omnibus

291 1938 716 2003 incolis‚ne5foe111i1ias
726 1937 902 2002 quidem
913 1951 984 1983 aut
998 1936 1176 1985 infantes
1187 1936 1463 2001 excipientes,
1471 1933 1739 1984 trucidarent.
1775 1937 1838 1984 Ita
1848 1935 1942 1983 vin-

290 2006 433 2053 dicato
448 2006 564 2071 quasi
583 2006 658 2053 suo
669 2006 827 2053 damno
843 2008 886 2052 in
901 2006 1135 2052 Tartariam
1149 2041 1162 2063 ,
1181 2005 1319 2053 relicta
1337 2007 1557 2069 Leaotimg‚
1573 2002 1788 2052 redierunt
1799 2040 1812 2063 ‚
1825 2003 1941 2053 unde

292 2076 415 2122 novis
431 2075 539 2122 aufiti
552 2074 710 2121 viribus
730 2073 861 2140 paulo
881 2074 978 2139 post
994 2072 1349 2120 formidabiliores
1370 2074 1415 2119 8(
1445 2073 1706 2120 instantiores
1731 2075 1874 2121 Sinam
1886 2074 1942 2120 ir-

292 2158 552 2210 rumperent.
588 2148 664 2192 Per
679 2144 903 2190 biennium
922 2143 944 2189 a
970 2143 1125 2190 mutuis
1136 2141 1322 2190 caedibus
1333 2144 1451 2207 quies
1471 2143 1516 2188 &
1539 2159 1756 2190 armorum
1772 2142 1947 2191 ceffatio

292 2215 373 2262 fuit
383 2250 395 2272 ‚
405 2231 502 2260 cum
516 2218 648 2260 Anno
661 2211 882 2260 millesimo
900 2210 1204 2259 sexcentesimo
1221 2211 1425 2279 vigesimo
1435 2211 1588 2259 οᾶτινο
1599 2213 1645 2258 8(
1659 2211 1867 2262 Thienkius
1880 2214 1943 2261 Si-

291 2300 438 2330 narum
449 2282 736 2347 Imperator&
757 2283 1023 2347 Thienmingus
1035 2281 1311 2329 Tartarorum
1328 2283 1605 2346 Niuchenfium
1616 2281 1714 2328 Rex
1723 2281 1940 2339 obierunt3

292 2351 353 2399 illi
368 2351 494 2398 frater
503 2354 783 2419 Zungchinius,
800 2353 899 2399 huic
918 2350 1029 2398 filius
1050 2350 1468 2418 Thie71<1c2grsucce1s1t
1479 2352 1575 2416 ‚qui
1585 2349 1675 2408 alia,
1684 2366 1814 2413 quam
1821 2362 1942 2415 pater

293 2421 386 2468 suus
398 2414 787 2480 Thienltiusssatione
801 2421 913 2468 Sinas
924 2437 1171 2486 expugnare
1179 2420 1386 2486 aggressus
1397 2457 1409 2479 ,
1425 2437 1513 2468 non
1527 2417 1711 2468 caedibus
1728 2419 1774 2465 &
1789 2417 1943 2466 severi-

295 2505 378 2538 tate
388 2505 437 2536 ut
448 2489 530 2546 ille,
541 2493 584 2536 in
595 2509 666 2538 eos
678 2490 890 2550 saeviit‚sed
901 2490 1140 2538 humaniter
1148 2489 1446 2554 mansueteque
1457 2489 1622 2536 habitos
1636 2485 1797 2536 facilius
1806 2486 1945 2536 bene-

296 2558 482 2606 volentia
497 2557 676 2625 superari
692 2561 808 2624 posse
820 2577 969 2623 ‚quarn
984 2555 1196 2606 atrocibus
1213 2559 1420 2624 exemplis
1432 2596 1444 2619 ,
1460 2559 1618 2626 primus
1635 2555 1852 2605 successori
1863 2556 1943 2605 suo

300 2626 425 2692 (nam
433 2629 563 2676 breve
577 2628 665 2688 ejus
676 2647 853 2694 regnum
868 2627 974 2694 fuit)
990 2626 1190 2676 ostendit.

363 2698 486 2744 Dum
501 2700 618 2762 quies
630 2697 683 2743 ab
698 2700 819 2745 armis
830 2696 1052 2744 hostilibus
1063 2695 1140 2755 est,
1154 2698 1410 2763 Aesaovelungi
1421 2695 1537 2744 miles
1548 2695 1592 2744 in
1601 2694 1711 2762 ipsos
1722 2695 1941 2758 Koreanos,

292 2767 452 2814 amicos
473 2769 517 2814 8(
537 2766 832 2814 confederatos
848 2804 860 2826 ‚
889 2765 1115 2831 praesertim
1132 2767 1173 2814 in
1189 2766 1364 2831 regione
1383 2765 1582 2815 Hienkien
1597 2803 1610 2825 ,
1643 2763 1943 2831 depraedari&

296 2837 478 2899 graviter
489 2853 642 2883 vexare
653 2836 789 2900 coepit
802 2855 811 2882 :
831 2835 945 2883 unde
955 2835 1014 2882 illi
1031 2853 1087 2883 ex
1102 2833 1395 2901 desperatione
1408 2873 1420 2893 ‚
1442 2833 1493 2881 ad
1505 2834 1704 2883 Tartaros
1715 2834 1944 2882 desciscen-

297 2916 356 2949 tes
368 2940 380 2961 ,
412 2920 577 2953 autores
597 2904 692 2970 ipsis
711 2904 896 2961 fuerunt,
905 2917 953 2950 ut
968 2902 1117 2952 habitu
1136 2905 1336 2953 Koreano
1358 2904 1493 2950 Sinica
1511 2901 1639 2950 castra
1653 2901 1806 2953 fraudis
1818 2902 1945 2964 hujus

299 2973 442 3036 ignara
457 3011 469 3031 ,
492 2974 770 3021 adorirentur.
808 2974 915 3021 Sinae
932 2991 1007 3038 per
1034 2972 1299 3022 Provinciam
1318 2970 1400 3020 late
1422 2971 1593 3035 dispersi
1609 2973 1655 3019 8(
1673 2974 1868 3021 omnium
1887 2973 1942 3031 ab

300 3038 420 3091 hoste
433 3041 725 3105 periculorum
746 3042 895 3103 securi,
908 3059 1034 3108 grave
1047 3043 1173 3090 initio
1183 3040 1387 3089 damnum
1400 3041 1476 3089 hac
1489 3041 1686 3090 Koreana
1695 3041 1945 3108 proditione

1821 3126 1943 3159 acce-

2016 1891 2036 1903 ..
2019 1855 2038 1866 ,ἥ
2007 1822 2030 1842 ,⁴

2026 2470 2050 2491 ῑ
2028 2377 2050 2459 >⁴:1⁸-
2034 2299 2040 2308 ·
