2050 3412
321 166 388 232 ad
402 173 542 240 M
543 193 718 256 agnum
735 166 994 230 Tartariae
1011 175 1235 255 Sinaeque
1259 173 1300 233 C
1298 164 1501 232 smmum.
1633 197 1653 234 1
1666 186 1696 232 6
1706 155 1736 248 5¹

87 277 236 328 urbem
251 278 417 327 Cancheu
431 275 613 336 obsedit,
624 274 694 322 sed
706 293 825 322 novo
840 278 1032 323 exercitu
1042 277 1265 322 Tartarico
1282 279 1451 343 (Pekmga
1468 274 1736 335 adventante,

88 347 357 398 obsidionem
373 346 534 393 solvere
550 382 562 404 7
578 348 622 393 8(
635 348 743 393 intra
757 345 816 393 N
814 347 980 411 anchang
995 344 1034 390 se
1053 347 1238 410 recipere
1253 346 1421 392 coaetus
1433 346 1512 392 suit
1524 383 1535 405 ,
1566 344 1639 391 ubi
1655 345 1735 390 ob-

87 419 207 468 sessus
230 454 243 476 ,
274 429 395 481 capta
417 415 589 462 tandem
615 416 742 475 urbe,
774 415 863 480 ipse
881 413 1105 461 incolumis
1125 416 1168 460 in
1182 416 1342 460 vicinos
1360 429 1526 462 montes
1550 413 1733 479 effugit)

90 484 459 554 quemadmodum
474 485 517 530 in
529 483 618 544 ejus
636 483 748 531 urbis
759 483 1042 549 descriptione
1060 482 1180 547 supra
1189 485 1629 533 commemoravimus,

154 561 301 621 Atque
322 554 411 602 haec
433 552 672 601 australium
692 554 1011 601 Provinciarum
1043 549 1301 599 defec'tiones
1325 555 1368 599 8(
1389 551 1520 599 turbae
1538 552 1725 601 suerunt.
1748 598 1777 629 T
1809 613 1810 616 Ἰ
1870 600 1877 606 ,

87 625 214 674 Haud
231 624 413 671 minores
429 625 474 670 in
491 625 789 688 Septentrione
798 620 1079 688 erumpebant
1097 659 1110 679 ,
1130 622 1203 669 ubi
1215 622 1390 685 quidam
1404 626 1526 670 Hom
1547 624 1589 668 'm
1605 639 1731 667 mon·
1748 599 1899 671 Ps‘ssss'fffiffl

88 696 194 743 tanis
211 695 359 756 Xenfi
382 694 618 741 exercitum
637 693 744 742 clam
761 691 936 757 collegit
969 693 1015 738 &
1045 692 1245 738 Tartaros
1272 691 1325 738 ad
1346 689 1536 755 praelium
1558 725 1571 748 ,
1603 690 1729 736 literis
1747 683 1878 752 ξζζξῐξξξ·

87 763 227 822 miffis‚
235 757 499 828 provocavit.
534 762 681 810 Paffim
690 762 988 828 deficientibus
999 761 1145 807 Sinicis
1155 760 1327 825 oppidis
1340 795 1352 817 ‚
1385 759 1482 805 Sola
1500 762 1617 826 Sigan
1632 775 1731 807 cum
1744 764 1872 795 “alffius-

87 834 311 881 Tartarico
334 829 530 897 praefidio
547 831 695 880 restitit
715 872 730 893 ‚
765 829 986 880 Praefedtus
1008 832 1207 877 Tartarus
1225 829 1350 891 hujus
1369 828 1505 887 urbis,
1539 827 1651 875 haud
1670 825 1731 874 se-

88 902 174 950 mel
188 920 335 950 omnes
354 903 507 948 Sinicas
522 902 634 948 cives
658 901 867 949 trucidare
890 900 1193 959 constituerat,
1226 915 1378 946 eorum
1399 897 1625 963 perfidiam
1644 914 1734 943 me-

90 985 211 1019 tuens
226 1009 237 1031 ‚
269 970 338 1017 sed
349 969 521 1017 crudele
538 971 622 1017 hoc
636 970 796 1019 facinus
814 988 912 1018 cura
935 970 1128 1033 Proregis
1143 968 1397 1033 impeditum
1410 967 1501 1017 fuit.
1539 963 1734 1033 Capillos

89 1055 230 1088 tamen
246 1057 422 1105 ponere,
431 1057 542 1086 arma
552 1039 732 1100 tradere,
744 1039 858 1087 vallo
871 1040 916 1085 8(
928 1037 1143 1086 moenibus
1153 1036 1374 1096 abstinere,
1384 1055 1461 1084 nec
1471 1036 1612 1101 plures
1622 1035 1736 1082 duo-

87 1110 167 1157 bus
183 1111 225 1156 in
239 1108 419 1174 publico
433 1109 724 1174 colloqui,aut
734 1113 866 1168 coire,
876 1106 952 1155 sub
966 1109 1113 1173 capitis
1124 1124 1254 1173 poena
1263 1107 1357 1168 juffi
1378 1126 1388 1151 t
1412 1124 1459 1152 ac
1474 1105 1733 1153 ostentandae

89 1179 465 1243 securitati‚portas
476 1178 628 1237 claudi,
639 1191 791 1243 pontes
801 1179 952 1243 aperiri
966 1178 1110 1226 vetuit.
1149 1182 1273 1225 Hous
1283 1214 1295 1236 ‚
1312 1175 1470 1223 cunetis
1482 1172 1735 1235 Sinensibus,

91 1266 198 1314 quos
217 1247 395 1294 nancisci
414 1260 605 1313 poterat,
622 1247 783 1295 militiae
795 1247 875 1295 suae
886 1247 1090 1294 immixtis
1102 1281 1114 1304 ,
1129 1261 1227 1291 cum
1237 1247 1426 1292 exercitu
1447 1258 1735 1291 trecentorum

89 1317 273 1366 millium
288 1316 416 1364 castra
427 1331 523 1364 ante
533 1316 683 1364 urbem
709 1317 874 1381 posuit,
907 1315 1110 1363 Praefe&o
1126 1327 1284 1361 tantam
1301 1312 1620 1360 multitudinem
1635 1330 1735 1360 cum

89 1386 375 1453 trepidatione
386 1386 440 1433 de
456 1385 569 1433 vallo
585 1387 873 1452 conspiciente
884 1421 896 1445 ,
912 1386 958 1431 8(
977 1386 1133 1430 iterum
1149 1383 1306 1430 caedem
1324 1385 1483 1430 civium
1498 1381 1734 1440 moliente3

88 1456 161 1504 sed
177 1457 222 1503 8(
237 1455 316 1502 hac
331 1456 423 1502 vice
433 1453 616 1514 destitit,
634 1473 732 1504 cum
744 1456 905 1502 Sinicos
915 1452 1188 1519 praefidiarios
1206 1467 1353 1499 contra
1375 1456 1467 1501 Hoi
1480 1450 1632 1498 milites
1648 1451 1736 1498 for-

91 1528 190 1574 tite'r
206 1541 397 1592 pugnare
414 1523 712 1584 videret‚unde
722 1524 859 1571 hilaris
870 1522 1137 1581 exclamavit3
1154 1527 1254 1571 Hoo
1267 1526 1330 1569 M
1326 1541 1444 1584 anza,
1456 1520 1499 1566 id
1515 1519 1574 1568 est
1589 1522 1610 1567 ὃ
1627 1522 1737 1568 bonos

93 1594 347 1643 OEarbaros&
369 1598 435 1643 M
429 1595 583 1657 anzuka
606 1598 672 1643 M
665 1615 792 1659 ainzu,
809 1591 1171 1642 OEarbarissarbaros
1190 1592 1412 1638 trucidant.
1446 1592 1559 1637 Nam
1569 1590 1737 1637 Tartari

88 1667 206 1713 Sinas
225 1665 510 1729 contemptim
533 1667 598 1712 M
591 1684 695 1728 anzu
707 1677 863 1711 vocant
872 1703 887 1725 ,
907 1662 1022 1711 unde
1032 1664 1160 1710 etiam
1170 1678 1330 1708 nomen
1344 1664 1406 1709 M
1402 1662 1486 1725 angi
1494 1658 1623 1707 fluxit
1632 1658 1738 1707 ficut

89 1736 212 1800 supra
230 1734 403 1783 difium.
438 1731 567 1784 ⁴Hous
588 1751 688 1782 cum
703 1732 850 1781 frustra
867 1732 1158 1782 validiflimam
1173 1730 1323 1779 urbem
1334 1767 1348 1790 ,
1370 1729 1535 1777 ambitu
1546 1731 1622 1777 tria
1638 1729 1737 1777 mil-

89 1805 207 1855 liaria
220 1803 447 1852 habentem
459 1841 473 1863 ,
497 1816 770 1869 oppugnaret
783 1839 796 1863 ‚
828 1820 948 1851 novo
957 1804 1234 1851 Tartarorum
1251 1802 1445 1850 exercitu
1457 1799 1735 1857 adventante,

89 1873 362 1923 obsidionem
372 1872 559 1920 deserere
568 1909 581 1932 ‚
598 1889 749 1939 magna
757 1872 877 1921 clade
888 1886 1061 1938 accepta
1075 1871 1241 1920 maestus
1253 1870 1335 1918 fuit
1343 1907 1355 1930 ‚
1367 1886 1507 1934 neque
1517 1868 1623 1935 quid
1634 1885 1734 1918 cum

88 1963 144 1994 eo
158 1942 305 2008 postea
314 1941 489 2002 fastum,
504 1944 705 1992 innotuit.

158 2012 243 2060 Sed
254 2010 341 2072 jam
356 2029 471 2058 nova
484 2026 632 2060 contra
643 2012 844 2059 Tartaros
859 2009 1040 2058 rebellio
1050 2011 1128 2058 hac
1138 2009 1358 2056 occasione
1375 2010 1581 2055 exoritur,
1615 2009 1732 2057 Cum
1748 2031 1842 2068 Nova

93 2085 226 2130 Anno
235 2079 459 2128 millesimo
474 2079 778 2128 sexcentesimo
788 2078 1110 2146 quadragesimo
1120 2097 1240 2127 nono
1250 2081 1486 2142 Imperator
1496 2086 1560 2128 X
1560 2078 1709 2124 unchius
1721 2114 1734 2137 ,
1748 2075 1892 2147 2532&

91 2149 396 2197 duodecimum
430 2152 559 2196 aetatis
577 2167 735 2197 annum
751 2150 949 2216 attigisset
964 2188 978 2209 ,
1011 2166 1195 2195 uxorem
1220 2149 1359 2213 Regis
1385 2145 1733 2194 Occidentalium
1752 2157 1804 2189 fio·
1861 2139 1868 2146 ⁸

92 2220 370 2266 Tartarorum
386 2218 523 2279 Tanyn
540 2218 816 2283 filiam,quod
831 2235 981 2265 eorum
1000 2220 1182 2264 amicitia
1192 2217 1401 2280 Imprimis
1413 2233 1521 2279 opus
1540 2213 1731 2275 haberet,

91 2289 214 2336 misso
232 2290 398 2354 Legato
423 2291 580 2335 Patruo
612 2289 688 2335 suo
707 2290 754 2335 8(
770 2289 813 2334 in
835 2297 929 2334 tore
949 2292 1162 2352 Amavang
1179 2287 1316 2351 petiit.
1360 2291 1616 2348 Amavangus
1631 2301 1731 2331 cum

92 2357 319 2423 splendido
337 2360 543 2405 comitatu
553 2375 630 2422 per
641 2366 704 2409 X
706 2359 790 2423 anfi
799 2354 1269 2421 Profe&us‚Taitmgum
1279 2355 1418 2413 venit,
1430 2370 1524 2418 quae
1535 2352 1632 2400 urbs
1649 2355 1731 2400 Im-

92 2428 237 2493 primis
255 2425 317 2474 ob
337 2424 532 2492 pulchras
551 2425 748 2474 foeminas
763 2462 776 2485 ,
807 2438 899 2472 tota
921 2426 1018 2472 Sina
1034 2422 1281 2471 celebratur.
1318 2422 1483 2470 Tartari
1502 2423 1610 2471 inter
1633 2422 1731 2470 alias

91 2514 194 2562 quas
213 2495 501 2562 stupraverant
518 2494 714 2543 foeminas
725 2532 738 2554 ,
761 2494 887 2542 etiam
901 2493 1094 2559 sponsam
1105 2492 1341 2558 quandam,
1358 2491 1479 2558 quod
1495 2491 1610 2556 apud
1620 2493 1732 2539 cives

90 2567 250 2614 crimen
267 2565 568 2613 atrocissimum
581 2563 1144 2628 censebatur,abripuerunt.
1177 2563 1349 2628 Kingus
1361 2559 1474 2608 urbis
1490 2558 1707 2608 PraeseEtus
1720 2596 1733 2618 2

92 2634 347 2699 conquestus
357 2670 369 2693 ,
379 2652 434 2682 eo
449 2634 502 2681 de
512 2632 697 2681 facinore
708 2633 824 2699 apud
843 2639 1119 2698 Amavarzgum
1129 2670 1140 2691 ,
1159 2650 1249 2679 non
1264 2630 1400 2678 modo
1409 2629 1513 2684 nihil
1533 2630 1733 2694 impetra-

94 2707 159 2752 vit
169 2743 185 2765 ,
197 2720 345 2751 verum
353 2705 482 2752 etiam
490 2704 772 2768 contemptim
791 2704 837 2750 8(
854 2697 1136 2769 ignominiose
1147 2719 1202 2748 ex
1217 2700 1377 2749 Palatio
1391 2702 1630 2765 Anzavangi,
1646 2698 1734 2761 eje-

95 2774 185 2822 Ctus
201 2772 295 2821 fuit.
1095 2820 1097 2823 ⁸

165 2842 305 2909 Kiang
322 2842 400 2889 hac
416 2843 635 2909 ignomina
650 2842 758 2890 ultra
780 2840 961 2890 modum
982 2839 1169 2889 incensus
1190 2841 1231 2885 in
1251 2838 1389 2887 aulam
1409 2840 1622 2903 Amal-angi
1638 2853 1740 2887 cum

100 2925 257 2958 armata
268 2928 395 2958 manu
404 2913 639 2978 irrumpens
648 2949 661 2971 ,
677 2928 852 2960 omnem
868 2910 955 2960 fere
964 2912 1215 2958 comitatum
1232 2908 1322 2970 ejus
1332 2908 1599 2959 Tartaricum
1613 2908 1741 2953 trucsa

100 2979 220 3027 davit
238 2979 332 3045 ipso
349 2985 582 3048 Amavango
599 2981 701 3029 sune
717 2997 792 3045 per
807 2997 950 3028 muros
968 2979 1141 3045 delapso
1155 2996 1202 3025 ac
1217 2978 1341 3025 celeri
1351 2994 1466 3043 equo
1476 2994 1583 3043 aegre
1593 2992 1742 3023 manus

102 3048 194 3110 ejus
215 3048 435 3097 evadente.
467 3050 638 3116 Kiangus
660 3050 747 3096 hoc
769 3063 936 3114 patrato
950 3050 1136 3097 facinore
1156 3047 1363 3096 vexillum
1380 3051 1462 3112 pro
1485 3049 1746 3110 Imperatore

106 3119 305 3168 Sinico&
316 3121 473 3183 Regno
488 3123 620 3179 Han,
645 3119 788 3168 cresto
805 3118 895 3180 ejus
907 3119 945 3167 se
965 3115 1164 3166 vasallum
1180 3117 1427 3175 declaravit,
1444 3132 1491 3162 ac
1503 3118 1616 3163 Sinas
1625 3111 1752 3159 miffis

998 3203 1030 3233 x
1072 3204 1096 3251 3
1589 3197 1754 3230 nunciis
