2150 3370
420 109 486 169 ad
494 113 640 178 M
636 131 807 196 agnum
824 109 1080 171 Tartara
1096 117 1319 200 Sinaeque
1335 114 1591 196 Chnmum.
1771 143 1793 187 3
1802 144 1831 190 7

156 218 335 287 publicis
346 217 527 265 instruffi
543 219 585 263 in
598 215 750 264 ldoleo
763 215 961 282 (OEzgodas
971 218 1065 265 Indi
1079 220 1259 285 vocant)
1271 238 1581 282 convenerunt,
1592 224 1830 273 humanissi-

155 307 226 337 me
248 290 428 353 excepti.
475 286 701 352 Postquam
722 285 997 334 consederant
1019 323 1033 346 ,
1060 286 1188 336 literis
1208 292 1250 336 in
1273 292 1414 340 mensa
1443 311 1586 340 coram
1606 294 1829 359 depositis,

155 362 308 420 Heytou
327 359 437 404 varia
448 355 538 403 satis
556 355 781 420 imperiose
804 357 1043 421 inquirere:
1081 362 1156 406 An
1178 377 1267 407 non
1289 376 1387 408 ante
1410 361 1633 411 biennium
1656 360 1828 426 [antona

152 426 416 478 discessissent
429 429 444 472 ?
462 440 555 473 tum
566 426 621 472 de
631 427 926 484 mercimoniiS,
936 425 1112 474 navibus
1123 461 1137 482 ,
1154 431 1374 488 comitatu,
1384 436 1604 479 tormentis
1614 469 1626 492 ,
1646 436 1829 482 muneri-

128 525 139 531 -·
154 498 232 545 bus
242 531 256 552 ,
279 493 555 544 literismulta.
580 497 702 544 Praeci
710 514 795 560 pue
807 510 950 543 tamen
961 496 984 542 a
994 499 1149 561 quo,in
1162 516 1294 563 quem
1302 498 1435 546 finem
1449 538 1463 560 ,
1477 503 1522 548 8<
1535 504 1710 566 quando
1722 504 1827 550 miffi
1867 513 1971 563 Μῶμε

153 586 202 614 ac
212 585 305 632 quae
320 568 469 631 Mrgno
482 561 626 627 [hamo
639 583 816 613 munera
838 566 1006 613 ferrent.
1041 567 1098 613 Id
1117 579 1205 614 vero
1214 567 1524 632 semirm‘ificpra
1542 571 1689 617 modum
1711 578 1826 621 nullm
1845 556 2001 638 ἒξῇᾞζ-ιέ

151 636 199 683 ab
215 635 295 702 isfis
313 634 364 681 ad
379 634 632 698 Cantonenfi’m
644 637 899 702 Tutangum
911 635 1036 682 literas
1053 635 1371 704 haberiflpstastpse,
1385 656 1475 702 qums
1488 639 1540 684 ad
1549 642 1826 705 Mzgnumlm-
1844 649 2005 681 ponuntur.

144 719 349 769 peratorem
361 703 668 770 Pekingensem
669 705 838 768 ferrent,
853 719 922 751 non
941 722 982 750 eo
1002 704 1071 769 effl’
1087 719 1284 769 apparatu,
1302 707 1516 772 custidt'aque
1536 707 1687 774 (aurea
1708 713 1823 758 enim

150 776 274 822 theca
287 772 447 821 includi
458 775 558 821 tales
566 774 725 822 debere
737 772 1079 838 arbitrabantur)
1099 794 1179 839 quae
1189 776 1432 842 qucstatem
1449 777 1653 826 Chamicam
1674 780 1822 827 deceret.

149 843 249 890 Post
271 841 404 890 multa
417 881 430 902 ,
454 860 541 891 cras
562 843 738 892 navesse
749 842 1005 902 visitaturos,
1026 861 1290 911 muneraque
1307 860 1554 912 accepturos
1571 849 1823 898 referebant.

148 915 214 961 Ita
226 928 320 961 tum
331 912 561 962 discessum.

217 988 331 1031 Orta
342 980 436 1029 luce
456 999 616 1048 magno
638 984 865 1030 Comitatu
876 982 1028 1049 viginti
1039 982 1202 1031 adveffi
1224 983 1405 1049 s'caphiS‚
1424 1003 1518 1051 quae
1537 988 1680 1034 Sinico
1700 1006 1823 1037 more
1861 1003 1966 1045 Legati
1984 1004 2000 1035 ει

145 1051 304 1100 sericeis
312 1049 532 1117 splendide
542 1051 707 1100 vexillis
720 1051 1033 1118 superbiebant,
1039 1070 1213 1101 munera
1224 1052 1649 1123 Caesari,Proregibus
1657 1058 1822 1106 Kanto-
1839 1048 1998 1118 Ξῗξοῖξζῗὸ

144 1121 341 1170 nensibus
352 1124 398 1169 8<
410 1120 588 1187 Tutmgo
599 1121 804 1170 destinata
815 1120 968 1182 verbis,
984 1121 1251 1188 gestibusque
1260 1123 1313 1170 ad
1325 1141 1501 1171 omnem
1511 1127 1821 1175 humanitatem
1840 1138 1954 1161 cuntur·

142 1190 391 1258 compositis
409 1189 695 1257 acceptarunt.
734 1191 826 1258 lpse
846 1194 1033 1258 Legatos
1055 1194 1120 1240 H
1118 1195 1232 1239 enrico
1249 1193 1395 1241 OEarone
1405 1197 1638 1243 Secretario
1657 1199 1703 1245 8<
1720 1215 1822 1262 qua-

142 1275 243 1308 tuor
254 1260 341 1309 aliis
351 1262 594 1308 Comitatos
606 1263 759 1325 Heyton
773 1264 817 1309 in
828 1260 979 1326 scapha
990 1261 1128 1308 Sinica
1139 1264 1337 1310 Cantonam
1350 1263 1542 1312 deduxit.
1577 1267 1694 1313 Mox
1714 1266 1820 1314 nihil

139 1330 357 1398 prolocuti
369 1334 433 1379 H
430 1329 726 1396 eytou,ejusque
736 1329 869 1379 socius
876 1333 923 1378 N
925 1331 1125 1379 avarchus
1138 1333 1324 1398 Legatos
1334 1332 1628 1394 destituerunt,
1638 1337 1710 1400 qui
1720 1353 1820 1384 cum

141 1400 252 1448 binis
263 1401 376 1449 horis
387 1400 673 1466 expefiassent
689 1402 873 1449 Senioris
883 1402 1073 1467 Protegis
1083 1400 1196 1465 jussu
1215 1414 1334 1450 extra
1354 1402 1507 1451 urbem
1528 1405 1572 1450 in
1591 1405 1822 1469 hospitium

140 1471 272 1528 idem,
281 1470 406 1536 quod
418 1469 523 1516 olim
535 1470 752 1520 Schedelium
769 1483 972 1535 exeperat
982 1503 996 1524 ,
1016 1470 1189 1518 deduffi
1201 1473 1247 1520 &
1259 1472 1282 1518 a
1293 1485 1471 1538 praetore
1484 1472 1597 1521 urbis
1606 1475 1819 1535 custoditi,

140 1539 353 1606 rebusque
363 1540 564 1588 omnibus
574 1539 802 1588 necessariis
812 1539 888 1587 illis
898 1538 1170 1605 prospefifflm
1190 1539 1262 1588 est.

210 1609 380 1658 Postera
399 1611 470 1657 die
489 1609 772 1657 Mandarinus
790 1607 1016 1677 Poetfienfin
1036 1611 1179 1657 aerario
1200 1614 1340 1675 Magni
1362 1611 1487 1659 Chami
1508 1612 1750 1672 Praefeffiis,
1771 1617 1817 1662 Sc
1838 1625 2000 1656 iterumn,

138 1694 311 1745 quartus
325 1680 532 1748 dignitate
545 1681 589 1727 in
602 1682 828 1727 Procerum
841 1682 1017 1738 Senatu,
1035 1678 1183 1727 iisdem
1198 1682 1260 1728 H
1259 1696 1361 1743 eyton
1374 1683 1421 1729 ὃς
1437 1680 1656 1729 ΝανανσΙπο
1668 1686 1819 1732 Comi-
1837 1666 1989 1750 &gite

137 1748 326 1797 tantibus
338 1752 527 1817 Legatos
537 1750 651 1798 varia
662 1749 807 1796 denuo
818 1750 987 1817 rogavit
995 1784 1008 1808 ,
1018 1766 1126 1815 quos
1135 1767 1300 1797 annuos
1311 1751 1517 1798 haberent
1527 1753 1686 1800 reditus
1695 1787 1710 1808 ,
1728 1771 1819 1819 quo

135 1817 449 1885 appellarentur
457 1818 812 1885 nomine,quibus
823 1834 921 1866 ante
931 1817 1194 1885 legationem
1202 1818 1480 1885 dignitatibus
1488 1820 1623 1870 funffi
1632 1858 1644 1880 ,
1656 1824 1701 1870 8<
1714 1840 1818 1871 num

134 1887 350 1936 literarum
368 1888 421 1937 ad
444 1885 486 1951 C
482 1889 631 1935 hamum
652 1887 871 1954 exemplar
891 1887 1006 1936 aliud
1016 1887 1242 1948 haberent,
1250 1907 1298 1936 ac
1306 1889 1375 1936 alii
1387 1891 1574 1950 Chartae,
1582 1909 1711 1956 quam
1721 1910 1815 1957 quae

137 1959 192 2006 ad
208 1961 407 2026 Proteges
415 1957 666 2024 spe&arent,
680 1959 848 2005 inaratae
860 1957 989 2005 essent
1007 1959 1024 2002 ?
1059 1959 1155 2004 Cur
1173 1960 1386 2024 praecipue
1406 1958 1538 2005 miffi?
1575 1961 1714 2016 Quod
1735 1979 1816 2009 no-

135 2044 237 2075 men
253 2030 455 2093 Principis
476 2045 649 2086 eorum,
669 2025 739 2074 vel
752 2028 883 2095 Regis
900 2030 917 2073 ?
952 2029 1012 2074 Et
1029 2024 1162 2074 multa
1173 2025 1252 2075 alia
1263 2064 1276 2087 ,
1294 2042 1343 2076 ut
1363 2045 1455 2075 mos
1470 2028 1731 2088 Sinensibus,
1747 2048 1819 2078 cu—

134 2096 242 2144 riose
254 2097 538 2163 inquirebant.
569 2099 786 2163 Praecipua
796 2098 845 2144 iis
854 2095 1032 2155 offensa,
1049 2109 1097 2143 ut
1110 2094 1324 2159 jafflibant
1336 2136 1351 2157 ,
1364 2098 1484 2163 quod
1496 2097 1623 2147 literae
1633 2098 1816 2164 publicae

134 2167 239 2213 fidei
259 2166 373 2214 haud
395 2166 487 2215 satis
509 2185 589 2233 pro
611 2167 821 2234 dignitate
833 2168 972 2215 Sinica
983 2163 1230 2231 compositae
1241 2165 1336 2232 ipsis
1349 2168 1604 2216 viderentur.
1643 2170 1816 2236 Legatis

133 2236 396 2284 audientiam
409 2240 644 2302 Proregum
665 2239 710 2285 &
723 2233 945 2300 Pekiqgensb
962 2237 1041 2282 iter
1061 2235 1310 2301 urgentibus
1333 2272 1346 2296 ,
1379 2234 1544 2285 sllentio
1565 2238 1815 2285 tranfinitte-

134 2305 300 2353 bantur.
337 2308 500 2354 Literas
520 2305 666 2353 secum
684 2302 838 2352 ablatas
861 2303 1116 2370 Protegibus
1132 2322 1232 2352 cum
1243 2306 1554 2364 exhibuissent,
1574 2308 1814 2354 circameri-

132 2375 248 2423 diem
263 2374 413 2423 reversi
423 2375 528 2425 sunt.
567 2376 734 2423 Denuo
749 2374 794 2420 in
806 2373 1056 2439 quaestiones
1065 2375 1112 2430 8<
1127 2372 1315 2438 querelas
1327 2373 1447 2422 effusi
1460 2409 1472 2432 ,
1492 2373 1625 2423 multa
1637 2375 1692 2423 de
1702 2374 1813 2442 sigil-

131 2443 176 2490 lo
188 2444 449 2500 Hollandiae‚
475 2446 530 2493 de
542 2462 751 2492 annorum
761 2442 1065 2510 supputatione
1077 2479 1089 2502 ,
1098 2441 1265 2508 aliaque
1275 2441 1539 2510 spargebant,
1549 2462 1596 2492 ac
1607 2445 1726 2510 quod
1735 2439 1813 2510 po—

134 2513 332 2562 stulatum
342 2517 607 2582 Legatorum
618 2513 819 2580 speffitaret
842 2535 855 2572 3
873 2513 971 2569 Non
982 2512 1054 2578 effi
1065 2516 1163 2559 idam
1173 2508 1644 2582 Prorcgumffutangive
1653 2514 1810 2581 potesta,

133 2598 208 2629 tem
219 2584 342 2631 audire
355 2599 439 2632 ante
450 2587 630 2651 Legatos,
638 2600 747 2650 quam
756 2579 963 2648 responfimi
975 2580 1166 2649 Pekinga
1175 2583 1396 2647 accepiffi’nt.
1406 2582 1654 2631 Koukerkae
1663 2597 1807 2632 tamen
1856 2592 1949 2624 Navis

136 2649 219 2715 (ita
239 2652 367 2701 altera
380 2656 553 2703 navium
575 2651 883 2720 appellabatur>
908 2651 1071 2700 licitum
1096 2652 1189 2699 fore
1201 2687 1214 2711 ,
1229 2654 1405 2718 propius
1417 2652 1567 2699 urbem
1578 2652 1807 2719 appellere,
1825 2635 1997 2718 ffifflkae

1826 2718 1928 2750 urbem
1937 2730 1989 2769 ap-

136 2720 244 2768 sac‘ta
263 2722 432 2789 insuper
455 2723 528 2789 spe
549 2727 751 2791 Proreges
773 2720 904 2780 nihil,
922 2720 1040 2787 quod
1052 2721 1107 2769 ad
1123 2721 1406 2769 honorificam
1418 2724 1682 2788 Legatorum
1692 2740 1807 2770 rece-
1827 2760 1912 2802 penit

139 2791 333 2854 ptionem
344 2827 359 2848 ,
387 2792 699 2860 spectandaque
719 2791 773 2840 ad
785 2790 995 2839 Caesarem
1009 2791 1183 2839 Chamum
1207 2808 1383 2838 munera
1404 2793 1659 2854 pertineret,
1681 2792 1809 2840 omis-
1916 2787 1920 2792 ’

138 2858 249 2905 suros
261 2861 276 2903 ?

211 2929 406 2977 Secunda
429 2933 687 2999 Septembris
707 2946 892 2998 quatuor
912 2928 1073 2977 bellicae
1096 2928 1333 2976 Sinensium
1360 2948 1487 2978 naves
1511 2931 1533 2976 εὶ
1557 2931 1809 2999 Proregibus

142 2997 267 3044 missae
288 2997 458 3047 adverso
479 3003 658 3051 flumine
678 3004 822 3050 navim
839 2998 1128 3048 Koukerkam
1146 2993 1187 3060 C
1184 3014 1350 3046 antonem
1365 3000 1502 3048 versus
1521 3000 1807 3049 deduxerunt.

138 3064 526 3134 Advesperascente
535 3074 607 3123 die
621 3074 783 3126 ancoris
792 3071 907 3120 secus
912 3086 1092 3138 parvum
1090 3066 1337 3188 ἓειίὶεΗιιΠι
1350 3106 1363 3130 ,
1372 3069 1447 3118 ubi
1459 3070 1622 3120 flumen
1642 3073 1807 3187 inggnti

1169 3155 1195 3203 3
1735 3157 1809 3187 uon
