2114 3412
316 170 338 206 1
354 168 375 205 1
390 165 428 205 0
705 144 846 202 Pars
861 136 1027 198 ultmm
1049 137 1330 221 Legationes
1350 138 1610 196 ‘Batavicae

312 247 397 295 ossa
415 243 597 293 dilaniat.
642 240 906 307 Exemplum
925 238 1202 288 memorabile
1235 239 1392 287 Iacobus
1415 239 1600 296 fiontius,
1632 237 1676 286 in
1694 236 1786 285 haec
1804 237 1953 286 verba:

313 319 529 364 Caeterum
540 312 594 360 de
609 312 775 359 irritatae
793 310 937 358 bestiae
955 309 1100 358 furore
1113 308 1274 373 aliquid
1290 307 1442 355 addam
1455 344 1468 367 ,
1491 306 1613 373 quod
1633 308 1874 372 nuperrime
1891 325 1960 355 ac-

315 385 420 433 cidit
430 383 663 431 Secretario
677 380 827 429 nostrae
841 381 1020 428 civitatis
1040 379 1237 427 Theodoro
1247 381 1481 442 Iemmingio,
1498 377 1682 441 quicum
1702 393 1838 442 nuper
1848 375 1960 425 duo-
2022 398 2026 401 ·

316 457 396 501 bus
410 453 497 501 aliis
507 453 731 500 comitatus
746 467 875 516 eques
888 453 930 498 in
950 447 1092 496 silvam
1106 448 1270 496 exiisset
1286 446 1625 511 exspatiatum,in
1638 445 1849 513 paludoso
1859 445 1963 495 loco

317 527 363 572 in
376 523 718 571 Rhinocerotem
749 537 849 567 cum
876 519 1020 568 catulo
1053 517 1127 564 suo
1153 517 1301 565 incidit
1334 515 1456 581 (narn
1476 516 1561 562 hoc
1574 513 1726 562 animal
1742 532 1830 562 non
1847 514 1963 564 secus

317 611 447 641 coeno
457 608 609 655 ,quam
622 590 768 648 Porci,
778 590 823 636 8(
837 590 943 655 Apri
958 587 1136 635 libenter
1147 585 1395 649 volulatur)
1419 585 1493 649 qui
1511 582 1591 649 illis
1602 583 1694 631 visis
1705 583 1881 632 surrexit
1893 603 1964 646 ,ac

317 662 436 711 tarde
454 660 650 708 recedens
669 675 755 725 prae
771 658 811 705 se
825 657 977 723 agebat
993 655 1183 703 catulum
1202 656 1321 703 suurn
1339 654 1482 701 silvam
1497 652 1634 701 versus
1647 688 1660 713 ,
1692 653 1881 718 quicum
1904 653 1964 704 la-

318 732 490 780 sciviens
509 728 741 794 aliquando
764 726 931 774 restaret
945 762 957 785 ,
980 740 1111 774 mater
1126 724 1261 772 rostro
1277 721 1569 790 protrudebat.
1607 718 1773 786 Interea
1788 721 1965 789 quidam

317 819 374 848 ex
388 815 539 846 eorum
554 796 771 846 consortio
786 814 872 861 prae
895 794 1150 854 temeritate,
1170 812 1289 860 equo
1303 792 1482 841 insidens
1500 790 1688 839 belluam
1700 791 1936 857 insequitur
1949 831 1965 854 ‚

320 873 367 919 8(
382 881 532 915 exerta
546 866 763 924 machaera,
773 882 902 930 quam
913 862 1099 931 gerebat,
1107 863 1328 931 Japonica,
1337 862 1587 928 posteriores
1598 873 1735 926 partes
1743 860 1968 924 Rhinoce-

321 938 425 987 rotis
444 935 541 985 ferit
552 933 801 997 ,sediftibus
813 951 902 983 non
918 932 1235 999 penetrantibus
1254 945 1432 998 propter
1449 930 1555 978 cutis
1568 931 1789 980 crassitiem
1801 930 1970 996 aliquot
1988 957 1991 959 ·

320 1007 426 1055 striae
441 1008 483 1052 in
498 1018 624 1071 tergo
639 1006 685 1051 &
713 1003 880 1050 natibus
898 1001 1042 1050 bestiae
1066 1002 1337 1068 apparebant.
1372 999 1509 1059 Qod
1521 999 1816 1065 patientissime
1825 998 1970 1050 bellua

321 1074 483 1124 ferebat
494 1111 506 1134 ,
520 1073 744 1139 quousque
761 1073 948 1120 catulum
959 1070 1079 1119 suum
1094 1072 1202 1119 inter
1214 1088 1362 1136 vepres
1379 1068 1572 1119 &falieta
1582 1068 1854 1130 occuluisset,
1873 1082 1968 1119 tum

322 1147 438 1194 enim
451 1157 627 1209 repente
645 1141 846 1189 conversa
869 1142 913 1187 in
928 1141 1117 1205 equitem
1133 1139 1320 1187 nostrum
1337 1176 1350 1200 ,
1372 1157 1469 1186 curn
1487 1138 1658 1185 immani
1670 1139 1899 1204 grunnitu,
1919 1141 1968 1190 &

323 1213 500 1261 stridore
515 1211 605 1274 ejus
619 1211 762 1275 caligis
773 1208 1259 1274 mordicusapprehensis
1271 1245 1282 1267 ,
1292 1226 1358 1255 eas
1373 1208 1586 1255 mordicus
1597 1206 1824 1274 discerpsit,
1836 1221 1970 1256 mate-

321 1282 662 1346 ria‘levi,utpote
676 1278 954 1344 Bombycina,
962 1278 1166 1342 sequenti,
1175 1278 1365 1343 alioquin
1382 1278 1507 1342 plane
1519 1275 1659 1323 aetum
1669 1275 1723 1323 de
1736 1294 1792 1324 eo
1801 1276 1966 1326 fuiffet:

322 1352 393 1399 sed
408 1367 540 1415 equus
559 1349 672 1397 sorte
689 1347 943 1413 prudentior
951 1344 1264 1411 aliquanto'suo
1272 1344 1452 1406 restore,
1462 1358 1575 1392 retro
1585 1344 1812 1405 saliit,&in
1821 1343 1970 1412 fugam

322 1419 609 1477 convertitur,
628 1417 874 1481 insequente
883 1415 995 1480 ipsos
1014 1416 1134 1462 omni
1146 1416 1513 1473 viRhinocerote,
1545 1412 1853 1479 prosternendo
1870 1430 1971 1464 cum

321 1485 515 1538 horribili
534 1486 702 1553 fragore
720 1485 890 1534 arbores
902 1520 915 1544 ,
938 1485 985 1531 8(
1002 1483 1216 1550 quidquid
1234 1483 1416 1532 obvium
1435 1482 1513 1550 ipsi
1527 1483 1840 1549 impedimento
1855 1479 1986 1537 essentss
2023 1507 2030 1512 ·
2053 1521 2057 1524 -
2097 1492 2102 1499 ’

320 1559 444 1606 Dum
463 1555 604 1604 noster
623 1572 753 1621 eques
763 1554 938 1603 devenit
952 1556 997 1602 in
1011 1570 1112 1601 eum
1127 1552 1270 1603 locum
1282 1591 1294 1614 ,
1308 1554 1385 1601 ubi
1404 1555 1538 1601 socios
1553 1551 1970 1618 reliquerat3quibus

322 1626 434 1685 visis,
449 1625 730 1683 RhinocerOS,
742 1641 798 1671 eo
815 1621 1030 1682 dereli&o,
1038 1622 1143 1671 alios
1158 1625 1354 1689 impetit,
1373 1625 1448 1689 qui
1471 1621 1661 1670 furorem
1675 1620 1829 1670 belluae
1838 1621 1973 1671 decli-

323 1708 468 1744 nantes
479 1733 493 1755 ,
519 1693 616 1760 post
634 1694 743 1741 duos
753 1694 947 1760 ingentes
957 1691 1125 1741 arbores
1142 1692 1183 1741 se
1199 1691 1555 1740 abscondiderant
1566 1729 1581 1751 ,
1615 1692 1691 1739 vix
1708 1689 1820 1739 duos
1837 1691 1973 1756 pedes

322 1763 571 1812 intermedia
587 1764 691 1811 rima
702 1763 724 1808 a
735 1762 970 1812 seinvicem
986 1760 1183 1810 distantes
1194 1799 1207 1822 ,
1221 1765 1268 1811 8(
1282 1761 1366 1810 sive
1378 1761 1463 1809 hoc
1482 1759 1596 1808 felici
1606 1776 1758 1808 eorum
1769 1758 1862 1809 fato
1871 1795 1886 1821 ‚
1899 1760 1973 1809 seu

322 1832 496 1900 stupore
516 1832 616 1880 huic
626 1830 793 1881 animali
808 1833 1003 1898 ingenito
1016 1868 1030 1891 ,
1060 1832 1250 1879 evenerit
1267 1867 1280 1890 ,
1311 1829 1444 1878 bestia
1468 1828 1743 1877 solummodo
1760 1846 1838 1895 per
1851 1829 1974 1878 istam

324 1905 476 1949 rimam
494 1903 658 1949 summo
677 1913 834 1948 conatu
854 1901 930 1948 sibi
947 1902 1058 1949 viam
1067 1899 1283 1964 quaerebat
1292 1937 1304 1959 ,
1321 1901 1368 1947 &
1385 1899 1554 1946 arbores
1566 1915 1654 1945 non
1664 1897 1778 1944 secus
1788 1915 1836 1945 ac
1847 1915 1973 1946 arun-

325 1970 443 2016 dines
454 1983 631 2017 tremere
646 1967 841 2028 faciebat,
852 1969 920 2016 sed
937 1982 1076 2016 tamen
1087 1968 1279 2015 craslities
1295 1985 1437 2015 earum
1452 1965 1602 2013 frontis
1621 1964 1748 2030 ipsius
1760 1967 1974 2033 impetum

328 2037 596 2103 infringebat.
646 2040 819 2085 Interim
835 2036 1014 2083 dabatur
1045 2038 1084 2082 ei
1094 2035 1211 2083 locus
1235 2035 1420 2101 scopleta
1436 2035 1507 2082 sua
1537 2032 1805 2099 explodendi
1839 2040 1866 2100 (
1874 2053 1974 2101 quae

327 2120 511 2174 propter
527 2108 730 2152 Latrones
749 2106 1013 2172 javanos,ibi
1024 2119 1114 2152 tum
1131 2107 1334 2168 temporis
1355 2103 1816 2169 vagantes,unicuique
1827 2121 1974 2170 gerere

328 2193 422 2224 mos
439 2174 553 2240 erat)
563 2176 607 2221 8(
617 2173 805 2221 belluam
820 2172 972 2221 adaffis
991 2173 1158 2237 aliquot
1176 2172 1326 2220 iffibus
1337 2190 1412 2238 per
1422 2170 1641 2219 cerebrum
1659 2170 1852 2232 feriendi,
1861 2173 1908 2222 8(
1917 2172 1975 2223 sic

329 2248 558 2291 immanem
572 2242 757 2290 belluam
768 2260 848 2307 pro
857 2242 1035 2289 stravere
1044 2278 1055 2299 ,
1074 2241 1284 2308 suppetias
1298 2241 1529 2289 ferentibus
1542 2240 1704 2288 Mauris
1722 2239 1839 2289 ferris
1849 2277 1864 2301 ‚
1896 2243 1974 2307 qui

329 2312 467 2360 istuca
483 2313 685 2359 Dominis
703 2312 780 2358 suis
793 2311 997 2378 lignatum
1012 2310 1117 2358 misii
1134 2309 1301 2359 fuerant
1315 2346 1328 2371 ,
1350 2310 1425 2375 qui
1437 2310 1522 2357 hoc
1539 2307 1691 2357 animal
1703 2325 1835 2375 porro
1843 2309 1974 2358 dolo-

330 2380 468 2439 nibus,
483 2383 528 2427 8(
543 2380 751 2427 securibus
765 2380 1125 2427 contrucidavere.

398 2449 581 2497 Pascitur
596 2448 788 2496 aculeatis
799 2446 1022 2496 frondibus
1034 2487 1046 2507 ‚
1071 2465 1119 2495 ac
1136 2447 1310 2514 spinosis
1327 2446 1563 2495 ramusculis
1579 2487 1592 2507 ‚
1621 2448 1698 2513 qui
1711 2445 1899 2511 linguam
1911 2445 1974 2495 ob

332 2518 586 2566 membranae
601 2517 820 2564 crassitiem
841 2535 929 2563 non
944 2515 1089 2563 offend
1095 2527 1182 2564 unt.
1218 2519 1268 2564 Ei
1286 2520 1427 2564 innata
1438 2533 1538 2566 cum
1555 2515 1798 2581 Elephanto
1807 2517 1975 2582 antipa-

334 2588 421 2634 thia
435 2585 636 2648 est,cujus
648 2584 860 2633 abdomen
877 2602 1028 2645 cornu,
1044 2587 1157 2651 prius
1172 2586 1224 2633 ad
1239 2585 1393 2633 silicem
1402 2598 1585 2633 exacuto
1599 2620 1610 2642 ,
1633 2582 1848 2644 dilacerat,
1857 2585 1974 2635 unde

334 2655 609 2720 subsequente
634 2655 935 2719 haemorrhagia
950 2655 1101 2704 interit.
1141 2657 1319 2702 Porcum
1335 2656 1536 2720 grunnitu
1551 2651 1778 2701 aemulatur.
1811 2655 1974 2702 Mauri-

335 2726 419 2772 tani
437 2723 526 2785 ejus
540 2741 662 2771 carne
673 2723 894 2769 vescuntur
904 2757 916 2780 ,
926 2720 993 2782 cuj
1000 2740 1045 2767 us
1061 2721 1283 2770 substantia
1297 2720 1515 2770 tendinosa
1525 2757 1538 2780 ,
1556 2723 1600 2768 &
1612 2720 1720 2768 adeo
1731 2722 1950 2786 compasta
1961 2760 1975 2784 ,

335 2806 385 2840 ut
399 2793 452 2841 ad
467 2793 753 2840 concisionem
764 2791 909 2838 dentes
923 2792 1045 2837 ferrei
1058 2792 1335 2856 requirantur.
1370 2791 1586 2849 Vinum,in
1596 2806 1686 2854 quo
1700 2789 1974 2840 Rhinocero-

337 2858 424 2907 tina
438 2861 558 2926 pellis
577 2879 652 2927 per
667 2858 837 2908 nostem
857 2873 1058 2906 macerata
1082 2859 1142 2905 est
1154 2898 1168 2919 ‚
1203 2859 1394 2907 adversus
1411 2859 1612 2924 malignas
1625 2858 1762 2907 febres
1778 2858 1974 2924 praestans

336 2929 571 2979 remedium
594 2951 603 2977 z
632 2943 680 2976 ut
696 2930 741 2975 8(
762 2927 852 2986 ejus
870 2944 1003 2975 cornu
1028 2927 1219 2975 adversus
1238 2945 1448 2975 venenum
1473 2940 1584 2974 certa
1606 2927 1833 2978 antidotus.
1870 2930 1975 2977 Haec

337 2995 477 3044 bellua
487 3015 576 3044 non
591 2997 804 3046 Aristoteli
816 3035 828 3057 ,
851 3015 929 3045 nec
940 2997 1096 3043 Graecis
1107 3034 1120 3056 ,
1137 3012 1210 3043 aut
1224 2999 1522 3044 Romanorum
1539 2994 1621 3042 ulli
1633 2994 1842 3043 sexcentis
1857 2994 1973 3044 sexa-

337 3066 453 3132 ginta
471 3078 652 3134 quatuor
662 3069 777 3115 annis
787 3081 884 3119 ante
900 3064 1163 3115 restauratam
1175 3067 1359 3113 Romam
1377 3065 1578 3113 innotuit.
1611 3066 1818 3124 Qamvis
1826 3061 1973 3128 postea

1824 3133 1971 3190 Qiri-
