2114 3412
104 1504 278 1567 OEeugalae
288 1536 302 1556 ,
330 1501 463 1565 Mcfim
474 1537 487 1560 ‚
507 1503 677 1548 Laorum
689 1536 701 1558 ,
725 1502 790 1547 H
786 1501 995 1566 istoremque
1018 1498 1225 1569 Cambogiae
1236 1539 1249 1563 ,
1269 1502 1453 1570 aliosque
1474 1523 1562 1554 non
1590 1509 1761 1575 ignobi-

103 1572 162 1619 les
181 1572 334 1619 fluvios
354 1606 368 1626 ,
390 1574 463 1637 qui
484 1574 569 1617 Sion
591 1573 636 1618 8<
656 1570 763 1634 Pegu
783 1572 1001 1637 Regiones
1019 1574 1213 1640 irrigant,
1235 1573 1321 1637 ipse
1338 1572 1531 1623 locorum
1552 1613 1565 1636 ,
1598 1579 1762 1646 Regio—

101 1659 293 1706 numque
305 1640 400 1688 situs
408 1640 555 1688 suadet
573 1658 582 1684 ε
619 1638 799 1705 plurima
818 1641 933 1687 enim
953 1644 1223 1707 maximaque
1233 1643 1432 1703 flumina,
1453 1663 1546 1710 quae
1558 1646 1760 1695 Austrum

102 1709 239 1758 versus
258 1723 453 1769 manant,
472 1710 573 1757 inde
582 1708 696 1757 suam
709 1723 854 1775 petere
862 1712 1074 1776 originem
1086 1750 1100 1771 ,
1121 1712 1410 1760 demonstrant
1419 1716 1537 1765 Sinae.
1571 1719 1762 1765 Croceus

100 1798 233 1846 porro
255 1780 368 1844 Sifim
388 1781 433 1827 ὃς
455 1777 587 1841 Tanyu
606 1777 830 1825 immensos
849 1792 1052 1828 terrarum
1068 1781 1220 1829 trafflus
1237 1784 1344 1829 Sinis
1360 1785 1534 1831 minime
1554 1784 1761 1849 subjefftos

101 1844 402 1916 praetergressus
413 1848 466 1896 ad
479 1846 646 1895 illorum
657 1846 821 1912 appulit
828 1848 1052 1909 ditionem,
1062 1850 1137 1898 ubi
1149 1853 1296 1917 Lingao
1309 1852 1406 1898 urbs
1413 1852 1601 1912 est,haud
1613 1855 1760 1919 procul

101 1921 124 1966 a
137 1920 324 1966 Civitate
335 1917 458 1984 IQng,
468 1918 702 1965 Provinciae
713 1925 778 1968 X
777 1918 952 1983 enfi,qua
964 1919 1177 1984 murusille
1188 1939 1364 1987 magnus
1373 1920 1529 1986 spefflat
1539 1924 1592 1970 ad
1605 1926 1761 1972 Orien-

101 2001 204 2045 tem,
215 2006 344 2053 quem
354 2005 443 2035 non
455 2000 542 2035 tam
553 1985 856 2053 praeterlabitur
866 2024 878 2046 ‚
899 2006 1027 2053 quam
1038 1988 1157 2037 alluit
1168 2024 1181 2044 ,
1192 1991 1387 2055 raditque
1406 2010 1415 2036 ε
1439 2009 1543 2039 mox
1553 1992 1761 2041 desertam

99 2056 210 2103 illam
222 2056 494 2105 solitudinem
511 2095 523 2117 ‚
548 2074 636 2122 qua
657 2058 702 2102 in
722 2054 912 2111 Ortum,
932 2075 1016 2122 qua
1038 2060 1214 2107 Boream
1235 2060 1371 2108 versus
1381 2073 1583 2127 tanquam
1596 2061 1762 2111 hostiles

99 2144 271 2191 campos
288 2126 509 2173 celerrimo
531 2125 651 2173 cursu
673 2126 966 2192 praeterveetus
987 2129 1041 2175 ad
1060 2128 1124 2175 bis
1134 2127 1248 2176 mille
1266 2128 1358 2195 plus
1378 2133 1515 2178 minus
1532 2130 1762 2179 stadiorum

97 2194 423 2261 longitudinem.
460 2196 533 2242 Ad
553 2194 756 2242 Austrum
775 2197 899 2242 vertit
916 2197 1138 2263 iter&per
1159 2202 1207 2245 Se
1227 2200 1333 2246 muri
1348 2200 1762 2265 magniportamilla-

97 2265 192 2330 psus
202 2263 353 2312 limites
371 2262 513 2311 statuit
527 2265 636 2310 inter
646 2272 710 2314 X
710 2263 784 2324 enfi
790 2266 834 2311 &
847 2266 985 2331 Xmfi
1002 2268 1252 2314 Provincias.
1286 2268 1392 2314 Inde
1406 2271 1645 2328 Homnadit²
1659 2283 1762 2316 tunc

100 2338 293 2399 Xantng
307 2370 319 2392 ,
331 2351 406 2397 per
426 2348 518 2398 quae
541 2333 722 2397 Kiagnan
745 2334 1009 2380 Provinciam
1021 2353 1218 2401 magnam
1236 2337 1393 2383 itineris
1403 2351 1565 2400 partem
1574 2339 1763 2396 conficit,

98 2402 240 2450 donec
252 2402 305 2449 ad
320 2406 383 2450 H
380 2404 508 2467 oatgan
524 2401 674 2448 urbem
686 2403 729 2447 in
741 2419 854 2447 mare
866 2401 1055 2450 turbidus
1063 2403 1202 2450 adhuc
1221 2407 1267 2452 &
1288 2404 1497 2453 violentus
1507 2405 1585 2453 sese
1595 2409 1762 2455 immer-

101 2486 186 2537 gat.
222 2470 345 2519 Olim
359 2472 499 2537 Pelting
514 2474 559 2519 8<
572 2474 764 2536 thng
775 2488 1015 2535 percurrere
1026 2471 1170 2520 solitus
1183 2496 1194 2532 3
1215 2488 1256 2521 at
1269 2476 1460 2521 Sinarum
1472 2474 1667 2522 industria
1679 2510 1692 2530 ,
1713 2479 1759 2523 δε

99 2539 219 2587 labor
229 2540 394 2589 alveum
403 2539 509 2587 illius
520 2538 667 2606 procul
679 2542 840 2597 avertit,
848 2541 968 2605 quod
979 2543 1198 2609 Regiones
1207 2542 1293 2590 illas
1303 2545 1346 2590 in
1355 2541 1649 2611 longissimam,
1658 2543 1761 2592 latiss

99 2608 329 2675 {imamque
340 2608 444 2659 fusas
456 2609 646 2676 planities
656 2607 725 2656 sua
737 2611 1401 2678 exonerationem<undationeq3
1414 2612 1761 2679 prorsus'elueren

106 2680 269 2727 Nivum
283 2694 425 2726 tamen
437 2678 646 2740 reliquere
656 2679 763 2725 Sinae
774 2712 788 2732 ‚
806 2680 879 2743 qui
892 2693 1119 2745 antequam
1130 2684 1249 2728 Crocez'
1259 2682 1446 2729 semitam
1457 2681 1761 2731 conmonstret‚

174 2748 308 2794 Prima
318 2748 434 2814 Junii
471 2751 515 2795 T
529 2753 571 2795 A
585 2751 631 2795 N
642 2749 663 2816 J
681 2752 718 2796 E
730 2749 812 2815 NJ
825 2751 863 2795 E
877 2752 915 2795 E
930 2750 975 2795 N
994 2785 1006 2808 ,
1025 2747 1110 2796 aliis
1120 2749 1549 2816 Zzoyven,0ppidum
1564 2765 1761 2816 quartum
1805 2771 1918 2813 1511an

105 2815 261 2863 ofiavae
272 2818 467 2864 Civitatis
480 2820 673 2882 Hoazggrmz,
682 2818 734 2865 ad
744 2816 945 2864 sinistrum
956 2817 1023 2864 vel
1035 2818 1227 2865 Australe
1238 2815 1364 2880 crocei
1378 2818 1482 2867 latus
1492 2822 1764 2886 praeterveffl,
1781 2814 1937 2891 ssffilr'jffljj
1991 2861 1994 2864 ⁴

107 2888 322 2937 munitum
336 2885 536 2933 maenibus
544 2890 685 2934 terreis
695 2886 833 2934 solidis
845 2888 996 2951 pariter
1006 2886 1352 2953 elegantibusque
1364 2923 1377 2942 ‚
1389 2907 1481 2953 quae
1492 2889 1669 2954 superne
1679 2890 1764 2938 lato
1781 2891 1868 2962 ›¹¹1¹{ff
1886 2908 1937 2938 «ψ-

108 2972 164 3001 ex
175 2953 298 3003 ςοᾶο
307 2952 432 3000 latere
442 2955 660 3003 firmiffimi
672 2958 810 3021 operis
816 2954 1051 3021 sepimento
1060 2956 1195 3004 cinfia
1204 2956 1230 3002 s
1223 2971 1311 3005 unt.
1332 2960 1442 3005 Intra
1452 2961 1599 3006 maenia
1607 2963 1765 3026 magni--
1786 2948 1907 2978 me'

107 3023 188 3071 fica
197 3024 356 3071 civium
367 3022 541 3070 aedificia
553 3024 740 3093 surgunt,
746 3027 869 3090 juxta
880 3025 1182 3073 Architefflurae
1194 3026 1353 3092 regulas
1362 3027 1521 3076 curiose
1532 3028 1736 3076 exstruffta
1756 3049 1764 3072 :

108 3110 199 3140 non
210 3107 297 3142 tam
307 3092 600 3159 magnitudine
608 3130 621 3155 ‚
641 3112 769 3160 quam
779 3092 932 3160 populi
946 3093 1184 3160 frequentia
1193 3097 1236 3142 8<
1248 3095 1404 3161 quaestu
1416 3096 1594 3146 excellit.
1624 3098 1659 3143 F
1648 3097 1769 3211 sertili

1118 3166 1165 3211 O
1204 3181 1228 3227 3
1504 3206 1508 3211 .
1667 3179 1771 3212 itum
