2114 3412
377 152 444 212 ad
453 154 599 218 QM
594 172 766 236 agnum
784 150 1040 222 Tartariae
1060 156 1279 236 Sinaeque
1297 151 1553 231 Chamum.
1700 178 1756 227 15
1771 180 1793 216 1

138 244 414 307 illatum,quae
423 240 539 289 causa
549 278 561 300 ,
574 258 646 288 cur
661 243 809 307 Legati
818 259 905 288 non
923 255 1021 289 ante
1032 241 1256 290 secundam
1270 241 1473 290 O&obris
1482 242 1645 290 admitti
1655 244 1707 291 ad
1722 262 1791 293 aun

136 315 335 364 dientiam
349 313 578 377 potuerint.

203 384 387 429 Decima
395 382 542 446 quinta
552 378 735 428 odiobris
744 383 925 444 Legatus
936 379 1160 427 Russorum
1173 376 1296 441 [zm-i
1307 414 1319 434 ,
1341 381 1461 445 quod
1472 383 1706 428 cerimoniis
1716 400 1789 429 co-

134 470 223 500 ram
233 449 649 515 sigillolmperatorio
667 447 844 514 defungi
864 447 904 495 se
925 448 1039 515 posse
1059 464 1255 516 negaret,
1276 463 1324 496 ut
1339 450 1460 513 supra
1477 450 1632 498 diffisum
1646 488 1657 509 ,
1676 451 1787 499 nulla

133 521 385 569 admiffionis
396 517 690 584 spe,proficisci
701 532 850 572 certUS,
862 520 1032 585 Legatis
1042 536 1116 583 per
1126 517 1333 567 famulum
1345 517 1546 566 valedixit
1558 558 1569 577 ,
1583 519 1787 585 simulque

129 588 382 644 schedulam,
392 606 518 654 quam
532 587 762 635 Moscoviae
774 590 910 634 mutui
920 587 1153 654 congressus
1162 590 1205 635 in
1217 585 1321 634 urbe
1342 587 1483 652 Pelx‘ing
1494 588 1637 635 testem
1649 588 1788 636 osten-

130 660 230 707 dere
253 659 406 725 posset,
424 658 546 721 petiit
556 694 568 716 ,
588 658 929 722 impetravitque.
965 656 1047 704 Sed
1060 658 1257 705 detentus
1276 670 1362 703 tam
1372 657 1444 703 diu
1461 659 1483 703 a
1495 660 1680 705 Tartaris
1693 657 1789 715 fuit,

130 744 369 796 negataque
384 725 460 792 ipsi
478 741 573 774 ante
594 726 846 773 descedendi
863 724 1045 785 libertas,
1063 744 1192 791 quam
1215 727 1237 773 a
1253 729 1318 772 M
1311 730 1394 792 agni
1406 726 1530 773 Clmmz'
1544 726 1678 774 literas
1689 726 1785 775 salvi

127 798 320 846 redu&us
330 796 588 843 obtinuisset.
621 796 753 845 Unde
764 809 861 842 ante
881 795 1106 843 descessum
1117 813 1193 842 nos
1203 813 1299 842 cum
1309 810 1549 843 caeterarum
1562 799 1786 845 nationum

127 869 297 932 Legatis
317 865 476 914 solenni
500 867 670 930 excepit
678 866 881 912 convivio
893 902 906 923 ,
923 864 996 911 ubi
1016 867 1147 912 varios
1169 864 1347 930 quisque
1369 866 1425 913 de
1437 867 1578 929 patriae
1590 867 1788 912 mirandis

125 935 332 983 sermones
353 933 523 982 miscens
534 971 546 992 ,
562 934 614 980 ad
636 933 849 999 stuporem
861 934 1120 999 percipiebat
1138 933 1349 981 historiam
1366 933 1662 983 venenositatis
1676 935 1785 1000 pilo-

124 1023 218 1052 rum
230 1004 428 1065 Tigridis,
437 996 565 1067 quam
577 1005 731 1070 Magni
744 1005 807 1049 M
801 1007 916 1068 agoris
927 1002 1266 1071 Legatus,longo
1277 1004 1332 1051 de
1343 1003 1630 1068 alexipharma
1640 1004 1787 1069 lapidis
1827 1013 1954 1045 Praesens

127 1064 365 1140 Serpentini
377 1074 530 1120 virtute
544 1072 761 1137 praemissb,
769 1071 978 1120 referebat
994 1091 1003 1117 τ
1017 1074 1123 1119 circa
1135 1071 1244 1119 labra
1258 1071 1479 1139 praelongis
1491 1076 1646 1121 nutrire
1659 1072 1783 1139 pilos,
1803 1054 1935 1137 Ἦέζῖἒζζ

123 1161 229 1207 quos
237 1144 345 1190 adeo
357 1142 589 1190 venenosos
601 1142 861 1206 experientia
871 1141 1032 1189 ibidem
1046 1142 1208 1200 docuit,
1217 1155 1265 1188 ut
1275 1140 1304 1187 si
1313 1141 1532 1206 quispiam,
1542 1142 1624 1190 five
1636 1144 1786 1202 homo,
1803 1148 1961 1170 venenum.

121 1211 206 1260 five
217 1211 396 1276 ipsamet
407 1208 558 1268 bellua,
568 1208 735 1268 illorum
747 1208 815 1258 vel
824 1211 997 1257 unicum
1008 1212 1212 1258 incautius
1221 1209 1442 1275 susceperit
1457 1248 1469 1269 ,
1483 1211 1783 1259 irremediabili

120 1280 313 1345 suiipsius
330 1281 477 1328 toxico
497 1281 688 1327 intereat.
724 1280 856 1329 Unde
868 1279 891 1326 a
903 1278 1200 1344 OEerggalenfibus,
1211 1279 1326 1345 apud
1338 1297 1444 1345 quos
1456 1282 1604 1346 ingens
1614 1283 1655 1327 in
1666 1279 1784 1344 sylvis

119 1349 363 1411 hujusmodi
385 1347 626 1397 animalium
645 1346 876 1396 multitudo
896 1363 1075 1415 vagatur
1092 1385 1105 1408 ,
1130 1347 1399 1397 observatum
1422 1347 1542 1403 fuisse
1553 1389 1566 1410 ,
1590 1351 1760 1398 dicebat
1771 1387 1782 1409 ,

120 1420 239 1484 quod
252 1419 337 1466 haec
346 1417 486 1466 bellua
497 1416 661 1483 semper
670 1435 823 1483 aquam
839 1422 1002 1483 Ganges,
1012 1416 1166 1465 aliusve
1177 1418 1378 1477 fluminis,
1388 1435 1462 1465 ore
1466 1420 1587 1482 juxta
1597 1421 1783 1467 fluminis

119 1488 282 1534 cursum
294 1488 488 1545 admoto,
496 1503 714 1551 nunquam
724 1505 778 1532 ex
789 1486 960 1533 adverso
971 1486 1150 1546 hauriat,
1162 1485 1309 1534 reliffis
1320 1486 1606 1553 stagnantibus
1615 1526 1626 1548 ,
1646 1507 1782 1554 quan«

120 1559 272 1603 tumvis
281 1558 423 1603 vicinis
433 1592 445 1614 ,
464 1573 519 1601 ne
532 1573 641 1620 aqua
653 1554 836 1620 pilorum
848 1554 1070 1603 virulentia
1079 1553 1231 1603 infessa
1243 1557 1282 1602 ei
1292 1574 1441 1602 necem
1450 1556 1614 1605 inferat.
1651 1560 1781 1607 Unde

119 1627 265 1691 Regio
281 1625 422 1672 edisio
443 1637 613 1671 cautum
627 1662 640 1683 ,
663 1642 717 1671 ne
732 1623 938 1689 quispiam
950 1623 1190 1686 hujusmodi
1203 1624 1465 1691 pilos,occisa
1475 1627 1671 1693 Tigride,
1682 1630 1782 1675 reti-

119 1709 220 1742 neat
234 1733 247 1753 ‚
270 1694 296 1740 s
287 1695 342 1741 ed
356 1693 430 1741 sub
441 1712 571 1758 poena
582 1695 677 1741 vitae
688 1711 836 1741 omnes
847 1694 900 1741 ad
912 1697 1067 1741 curiam
1079 1693 1270 1760 Mogolis
1289 1697 1458 1742 mittere
1469 1708 1687 1755 tenentur,
1705 1697 1780 1743 ubi

119 1764 143 1810 a
153 1763 330 1810 Medicis
339 1765 486 1830 Regiis
497 1761 635 1829 pilulae
644 1763 927 1810 conficiuntur
939 1762 1095 1810 exitiali
1108 1782 1276 1812 veneno
1286 1764 1462 1831 turgidae
1473 1799 1485 1821 ,
1495 1783 1587 1830 quae
1604 1767 1664 1825 iis,
1674 1783 1782 1831 quos

121 1834 221 1880 Rex
231 1832 495 1880 clandestinae
507 1834 632 1879 morti
643 1831 801 1880 destina
807 1832 1035 1893 t,exhiberi
1043 1832 1192 1881 solent.
1204 1833 1408 1881 Addebat
1417 1834 1664 1899 exemplum
1675 1853 1782 1882 exo-
1836 1862 1843 1873 ι

120 1910 251 1957 ticum
264 1911 309 1957 8<
320 1909 598 1956 admiratione
609 1908 788 1976 dignum
809 1931 822 1968 3
845 1926 1027 1974 puerum
1047 1908 1296 1975 septennem
1319 1897 1581 1970 ὀφιόφοςγον
1596 1944 1608 1964 ,
1640 1911 1781 1957 ssmch-
1800 1890 1919 1971 ΞΗΞΖ

122 1982 218 2025 mam·
231 1979 299 2041 cuj
305 1976 450 2026 usdam
463 1977 612 2037 filium,
624 1979 666 2024 in
678 1977 782 2025 urbe
793 1978 914 2043 Agrai,
923 1979 996 2043 qui
1011 1992 1125 2026 tanta
1137 1978 1334 2026 aviditate
1346 1981 1388 2026 in
1396 1978 1541 2027 cibum
1551 1980 1781 2028 seaabatur
1801 1985 1847 2018 ⁷⁵⁵
1864 2004 1871 2010 ·

121 2048 331 2095 venenosa
341 2046 744 2107 animalia,araneos,
755 2046 995 2113 scorpiones
1004 2046 1233 2113 ,serpentes
1243 2051 1380 2095 omnis
1390 2052 1554 2114 generis
1564 2087 1575 2108 ‚
1593 2064 1641 2097 ut
1651 2052 1696 2097 iis
1710 2053 1783 2096 vix

120 2114 250 2163 satiari
262 2117 378 2181 posse
389 2117 611 2164 videretur.
645 2120 790 2173 Qam
805 2134 894 2164 rem
907 2134 1007 2164 cum
1025 2116 1292 2165 intellexisset
1311 2121 1495 2186 Legatus
1507 2155 1518 2177 ,
1538 2121 1596 2166 rei
1621 2122 1784 2185 experi-

122 2199 313 2232 mentum
325 2183 494 2250 sumpsit
506 2219 519 2239 ‚
538 2186 781 2251 praecipiens
799 2185 1034 2233 domesticis
1051 2223 1065 2245 ,
1090 2199 1138 2233 ut
1158 2205 1337 2252 puerum
1356 2187 1574 2252 quaesitum
1594 2186 1668 2234 sibi
1680 2187 1785 2236 fiste-

122 2268 227 2312 rent,
237 2270 366 2319 atque
377 2272 461 2300 una
474 2252 694 2318 serpenteS,
704 2272 812 2319 quos
823 2268 1035 2319 poterant,
1047 2257 1175 2320 magis
1186 2255 1416 2320 pestiferos,
1431 2260 1479 2303 ea
1491 2271 1631 2303 tamen
1643 2272 1783 2303 caute-

121 2321 160 2369 la
172 2322 437 2370 absconditos
457 2321 687 2380 adferrent,
709 2340 762 2369 ne
774 2340 878 2388 puer
889 2324 1028 2387 primo
1042 2322 1177 2369 statim
1197 2326 1354 2370 intuitu
1375 2326 1417 2370 in
1430 2343 1500 2371 eos
1509 2326 1643 2371 nimio
1655 2344 1785 2390 appe-

122 2393 202 2438 titu
226 2390 432 2456 perculsus
451 2394 698 2450 incurreret,
719 2391 837 2457 quod
859 2393 920 2438 uti
939 2406 1216 2457 praeceperat,
1231 2391 1388 2439 facium
1409 2391 1516 2453 fuit,
1537 2393 1606 2440 sed
1625 2393 1784 2443 deside<

122 2460 383 2508 rataelethaeae
405 2460 562 2509 deliciae
575 2478 754 2526 puerum
773 2462 947 2507 minime
966 2459 1093 2508 latere
1113 2474 1372 2525 potuerunt,
1391 2463 1555 2528 ingressi
1580 2462 1784 2527 siquidem

121 2546 220 2576 cum
230 2530 405 2577 canistro
418 2529 629 2577 nonnullis
641 2529 882 2596 serpentum
895 2528 1186 2577 exitiofissimis
1196 2529 1367 2586 refert0,
1378 2533 1449 2579 vix
1461 2532 1563 2579 dum
1577 2535 1614 2579 ei
1628 2532 1664 2579 se
1678 2531 1786 2585 stitef

121 2611 233 2655 rant,
251 2616 376 2653 ecce,
400 2598 484 2648 sive
501 2618 555 2646 ex
569 2600 705 2647 odore
724 2598 807 2646 sive
828 2617 882 2646 ex
903 2597 1082 2646 naturali
1103 2599 1292 2664 quodam
1309 2599 1600 2665 sympathetici
1617 2601 1787 2649 affeStus

122 2672 335 2732 consensu,
345 2677 388 2722 in
398 2674 618 2722 canistrum
631 2713 644 2734 ,
662 2692 824 2722 moram
845 2691 934 2722 non
945 2672 1164 2732 sustinens,
1181 2693 1288 2740 puer
1315 2666 1608 2736 dcbto'qboe‘y&
1622 2711 1635 2731 ,
1669 2676 1786 2725 velut

124 2742 285 2806 impetu
296 2742 560 2803 fa&o‚irruit,
570 2747 615 2792 &
628 2748 780 2792 mirum
791 2744 923 2800 dkstu,
937 2745 1062 2808 raptis
1073 2744 1233 2790 canistri
1244 2743 1385 2792 clausis
1395 2783 1407 2804 ,
1423 2743 1508 2792 fine
1522 2744 1608 2792 ullo
1616 2745 1784 2794 delec'ffl

125 2827 258 2856 unum
271 2811 363 2874 post
373 2812 548 2860 alterum
562 2832 689 2861 manu
700 2826 865 2878 ereptos
876 2811 979 2872 ,sine
991 2810 1072 2859 ulla
1085 2812 1264 2860 virulent
1274 2812 1375 2860 fellis
1382 2849 1396 2869 ,
1405 2813 1784 2881 intestinorumque

126 2881 402 2943 exemptione
413 2918 426 2940 ,
440 2883 465 2927 a
485 2884 624 2948 capite
643 2883 697 2930 ad
719 2882 897 2930 caudam
911 2881 1043 2946 usque
1053 2880 1233 2928 famelici
1245 2885 1354 2929 canis
1364 2882 1541 2930 adinstar
1552 2919 1563 2941 ,
1577 2884 1629 2931 ad
1649 2903 1783 2933 unum

123 2963 271 2994 omnes
282 2948 515 3004 devoravit,
527 2965 649 2999 tanto
661 2969 759 2998 cum
772 2950 894 3019 gustu
908 2989 920 3010 ,
937 2953 983 2998 8<
996 2949 1223 3016 voluptatis
1232 2950 1348 2999 sensu
1358 2988 1371 3010 ,
1381 2965 1428 2999 ut
1436 2969 1525 2999 non
1536 2952 1782 3019 pestiferum

122 3016 242 3080 quid,
254 3015 324 3064 sed
337 3016 585 3065 deliciosum
594 3020 679 3067 cibi
687 3019 905 3069 suavissimi
920 3019 1111 3067 edulium
1125 3020 1329 3069 devorare
1339 3021 1561 3071 videretur.
1600 3028 1712 3079 Quae
1723 3026 1781 3071 rei

123 3087 318 3141 narratio,
331 3088 391 3133 uti
402 3085 617 3152 praesentes
626 3088 785 3139 summa
796 3090 1075 3139 admiratione
1085 3087 1224 3138 affecit
1233 3107 1381 3139 omnes
1391 3126 1404 3151 ,
1422 3092 1479 3139 ita
1495 3107 1673 3157 quoque
1687 3111 1782 3156 pro-

1673 3175 1783 3207 rmus
