2114 3412
315 1478 438 1527 fitum
456 1498 559 1546 agro
570 1517 583 1540 ,
600 1480 671 1530 sed
682 1500 766 1548 prae
776 1481 944 1548 reliquis
963 1481 1268 1532 frucstiferarum
1283 1482 1410 1532 feraci
1432 1482 1641 1533 arborum.
1679 1486 1786 1549 Pyra
1800 1520 1813 1544 ,
1826 1484 1981 1545 Poma,

316 1551 453 1596 Pruna
478 1552 523 1598 8<
543 1550 678 1598 cerasa
699 1554 803 1599 mira
827 1552 936 1600 succi
957 1552 1185 1621 fragrantia
1202 1553 1442 1602 afficiebant
1466 1552 1674 1619 palatum:
1711 1566 1797 1600 tam
1819 1553 1889 1601 vili
1908 1572 1979 1601 ve-

313 1633 448 1666 neunt
458 1621 598 1684 pretio
612 1656 625 1680 ,
642 1635 691 1668 ut
701 1624 945 1686 pecuarium
956 1623 1145 1670 nostrum
1156 1624 1221 1671 his
1241 1622 1443 1671 fruffibus
1454 1621 1567 1670 bene
1576 1621 1718 1669 instrui
1728 1640 1976 1670 curaremus

312 1688 467 1753 Ingens
484 1706 679 1754 praeterea
699 1705 796 1738 toto
817 1690 901 1737 hoc
926 1691 1191 1757 Hoazganenfi
1203 1691 1336 1741 tra&u
1350 1693 1642 1747 coturnicum,
1662 1689 1978 1754 Phasianorum‚

312 1757 546 1820 perdicum,
560 1760 604 1806 &
615 1760 661 1806 id
672 1761 834 1826 generis
844 1759 1021 1808 alituum
1032 1775 1278 1828 proventus,

126 1842 153 1872 4-
164 1831 294 1891 Juqnii'afi
379 1826 486 1873 Inde
497 1844 615 1875 oram
626 1826 832 1876 solventes
842 1831 1011 1897 integro
1021 1829 1163 1878 triduo
1176 1826 1352 1893 [roceum
1373 1831 1617 1895 navigantes
1632 1827 1751 1876 nullo
1761 1828 1975 1895 speciabili

126 1877 281 1955 3323*
311 1891 411 1940 loco
427 1932 441 1954 ‚
464 1895 604 1943 donec
626 1912 778 1962 quarto
800 1899 919 1966 Junii
939 1900 995 1947 ad
1016 1900 1212 1947 dextram
1231 1898 1316 1948 five
1327 1901 1506 1946 Boream
1515 1897 1835 1946 amaenioriloco
1845 1899 1973 1946 radici

124 1959 220 1988 munt.
309 1962 496 2010 editioris
505 1963 620 2011 collis
631 1964 824 2027 adjacens
835 1966 1094 2032 oppidulum
1111 1970 1155 2014 T
1169 1971 1223 2015 SI
1237 1972 1263 2015 S
1273 1972 1316 2014 A
1330 1970 1375 2015 N
1389 1965 1844 2032 G‚appulimus‚quod
1854 1968 1973 2016 οᾶο-

305 2032 423 2096 ginta
436 2035 499 2095 Ly
511 2033 762 2097 :iTcmjenjeen
773 2033 895 2082 situm
907 2071 920 2095 ,
937 2035 1094 2101 absque
1112 2038 1238 2083 muris
1256 2034 1347 2082 solo
1367 2037 1581 2083 munitum
1600 2034 1789 2083 Castello
1805 2070 1819 2091 ,
1840 2038 1972 2097 unde,

305 2102 406 2163 quia
427 2103 605 2149 civitatis
625 2102 852 2170 privilegiis
864 2104 1109 2152 destitutum
1120 2141 1133 2164 ,
1152 2104 1174 2151 τὶ
1186 2103 1437 2170 quibusdam
1448 2107 1556 2152 inter
1566 2123 1698 2172 pagos
1714 2120 1971 2154 numeratur.

305 2170 470 2218 Caetera
490 2170 712 2234 copiosum
735 2175 781 2221 &
802 2172 999 2240 frequens
1018 2173 1359 2239 navigationibus
1376 2172 1803 2239 valdeopportunum
1815 2209 1829 2230 ,
1851 2176 1971 2223 unde

304 2240 433 2286 varias
449 2238 628 2300 majores
648 2243 835 2290 civitates
856 2242 1013 2309 quaestu
1032 2241 1212 2308 superat.
1247 2246 1297 2290 In
1317 2242 1408 2309 ipso
1431 2258 1561 2309 portu
1582 2243 1754 2309 Pagoda
1770 2244 1969 2309 jucundo

306 2306 611 2373 aspediantibus
620 2309 697 2359 fitu
707 2310 847 2379 surgit.

119 2378 191 2449 {Ji}
205 2384 284 2408 nata-
373 2378 500 2424 Dum
512 2379 570 2426 ita
582 2398 657 2444 per
671 2382 836 2429 Croceum
848 2383 955 2429 inter
966 2383 1202 2431 innumeras
1211 2381 1348 2431 classes
1357 2383 1645 2449 navigavimus
1662 2401 1724 2430 res
1734 2383 1852 2441 mira,
1864 2399 1966 2430 con-

187 2443 191 2448 ’
302 2444 462 2510 Γρεᾶυἰ
475 2447 617 2494 nostro
629 2448 769 2497 oblata
781 2488 793 2509 ‚
816 2449 1003 2498 natatiles
1012 2454 1109 2518 pagi
1124 2487 1137 2510 ‚
1158 2470 1338 2518 quarum
1350 2452 1437 2500 haec
1448 2451 1506 2499 est
1517 2454 1636 2501 rati0.
1673 2456 1744 2499 Ex
1754 2452 1968 2499 arundini-

303 2513 403 2573 bus,
421 2533 522 2581 quas
538 2517 685 2563 ssamhu
708 2518 775 2566 vel
794 2519 975 2566 [Bamboes
997 2520 1185 2569 Lusitani
1194 2535 1371 2581 vocant,
1391 2520 1535 2568 validis
1546 2520 1667 2586 super
1681 2519 1965 2569 sudibusfune

302 2602 357 2631 ex
377 2584 530 2651 Rotang
544 2619 557 2639 ‚
577 2600 625 2633 ut
636 2586 871 2652 appellatur
882 2625 894 2649 ,
912 2587 1114 2657 colligatis
1122 2604 1237 2638 tanta
1251 2589 1454 2638 densitate
1464 2625 1476 2649 ,
1494 2604 1541 2637 ut
1551 2587 1686 2636 nullus
1697 2607 1815 2655 aquae
1826 2588 1966 2637 transi-

302 2666 367 2699 tus
379 2654 526 2714 detur‚
544 2653 645 2703 latas
662 2670 902 2705 contexunt
918 2660 1035 2722 aquis
1054 2660 1292 2708 innatantes
1300 2660 1456 2707 carinas
1472 2679 1487 2717 3
1505 2660 1551 2705 iis
1559 2675 1613 2705 ex
1623 2657 1705 2705 levi
1719 2661 1890 2706 materia
1899 2676 1966 2707 ca-

302 2720 360 2767 sas
378 2723 890 2774 &aediculasinaedificant
901 2764 915 2786 ,
935 2744 1035 2792 quas
1057 2728 1268 2795 tegetibus
1287 2728 1412 2777 tefflas
1434 2728 1542 2775 Sinae
1552 2744 1650 2774 cum
1662 2725 1817 2775 familia
1826 2728 1965 2783 Jomni,

304 2806 393 2835 non
413 2791 526 2839 secus
548 2811 595 2840 ac
615 2808 768 2842 terram
784 2796 1318 2864 &continentemssccopiosa
1333 2809 1563 2844 mercatura
1575 2797 1884 2862 immigrantcs,
1906 2796 1964 2845 de

306 2855 404 2904 loco
416 2859 610 2909 inlocum
622 2898 634 2922 ,
659 2877 711 2910 ut
719 2866 828 2912 ratio
839 2863 1125 2915 velneceflitas
1131 2865 1256 2928 jubet
1265 2899 1280 2920 ,
1301 2864 1565 2931 vagabundi,
1583 2867 1630 2913 8<
1650 2868 1693 2912 in
1710 2864 1866 2913 aedibus
1886 2864 1965 2912 suis

305 2928 563 2993 navigantes,
571 2930 776 2981 feruntur.
810 2935 908 2981 Nec
919 2933 1020 2982 velis
1030 2953 1138 3000 opus
1147 2935 1306 2983 habent
1313 2951 1368 2981 ex
1379 2933 1651 2982 arundinibus
1662 2969 1676 2991 ‚
1691 2948 1743 2983 ut
1752 2934 1862 2982 Sinae
1869 2932 1968 2981 alia's

302 2995 347 3039 in
370 2997 607 3046 universum
625 2999 760 3049 solent
772 3023 787 3061 3
805 3004 960 3062 contis,
976 3017 1048 3052 aut
1061 3001 1312 3061 helciariis‚fi
1322 3003 1541 3051 adversum
1550 3001 1714 3053 flumen
1728 3025 1742 3063 3
1760 3001 1963 3062 secundo,

301 3061 451 3128 sponte
458 3083 664 3131 aquarum
673 3069 768 3119 suos
784 3070 863 3119 hos
881 3089 1016 3140 pagos
1033 3073 1310 3138 ducentarum
1330 3072 1575 3139 frequenter
1597 3075 1643 3123 8<
1656 3071 1837 3186 ampliuls
1845 3069 1964 3119 fami-

1829 3156 1960 3186 mrum
