2114 3412
313 153 377 211 56
656 136 814 212 *Parc
833 129 1000 190 ultima
1024 127 1307 214 Legationis
1329 130 1591 189 Patavicae

311 237 540 304 discipulos
556 235 650 283 suos
667 272 680 295 ,
709 248 756 282 ut
767 234 947 282 secunda
963 233 1078 281 Secta
1094 270 1106 292 ,
1129 247 1329 280 ementes.
1363 231 1558 289 Qiidem
1584 233 1777 292 nubunt,
1797 231 1978 280 &domi

312 326 465 374 magna
489 305 657 373 pietatis
677 305 813 372 specie
848 304 999 352 scitam
1026 303 1318 368 suamkdocent
1332 338 1344 361 ,
1384 318 1431 348 ac
1464 318 1547 366 pro
1581 299 1670 347 aliis
1705 319 1848 366 preces
1879 300 1977 349 fun·

314 378 439 425 dunn
1518 382 1520 385 ’

382 448 499 493 Inter
517 444 598 492 alia
611 443 733 492 Idola
749 445 877 490 etiam
892 444 1137 491 Dominum
1158 440 1273 490 Coeli
1295 441 1446 489 colunt
1457 476 1469 498 ,
1488 439 1556 486 sed
1572 457 1670 487 eum
1685 438 1979 506 corporalem,

315 535 364 564 ac
386 515 625 563 multorum
650 513 897 575 injuriarum
915 513 1163 560 obnoxium
1178 510 1353 561 faciunt.
1399 509 1577 558 Fabulas
1606 528 1756 557 eorum
1775 509 1882 575 quid
1913 526 1981 556 re-

314 584 484 634 censere
499 588 636 651 opus?
659 583 904 630 Dominum
919 583 1027 631 Caeli
1044 621 1058 644 ‚
1075 581 1151 648 qui
1162 599 1275 629 nunc
1289 593 1437 646 regnat
1458 577 1499 643 s
1497 584 1569 626 iam
1584 581 1724 627 vocari
1735 597 1857 640 ,eum
1865 577 1979 626 frau-

316 655 371 703 de
386 672 521 722 regno
538 652 741 720 Spoliaffe
758 651 1058 700 antecessorem
1073 653 1193 699 suum
1210 655 1293 711 Ieu,
1307 650 1412 698 dum
1423 649 1570 696 medio
1589 650 1778 696 convivii
1788 667 1865 715 per
1879 664 1981 706 can-5

315 725 440 773 didos
471 725 692 772 Dracones
711 721 794 770 'hic
825 720 961 770 coelos
990 721 1221 769 ascenderit
1240 759 1257 781 ‚
1306 718 1463 786 quibus
1495 718 1550 766 ad
1576 718 1841 783 epulandum
1873 717 1981 766 alter

314 793 494 861 egressus
509 809 608 843 erat.

384 866 512 911 Hunc
530 862 665 911 Coelo
685 860 906 909 exclusum
927 873 1121 908 montem
1140 857 1336 925 precibus
1353 858 1376 904 a
1408 875 1526 905 novo
1550 859 1674 923 Rege
1696 854 1810 921 Ciam
1842 857 1983 922 impess
2052 886 2054 889 f
2078 859 2084 872 ⁶

315 926 435 980 traffe
449 972 462 991 ,
480 933 523 978 in
539 950 631 998 quo
646 932 881 978 etiamnum
906 930 1034 977 vivat.
1089 929 1162 978 Ad
1179 929 1288 976 hanc
1305 927 1489 976 formam
1513 930 1559 977 8<
1577 926 1896 992 reliquaeaniles
1917 926 1980 989 fa-

315 1002 429 1048 bulae
445 1001 552 1049 sunt.
587 1004 740 1048 Praeter
755 1002 902 1050 Deum
920 999 1021 1047 coeli
1032 1014 1112 1047 tres
1121 996 1226 1046 alios
1236 998 1376 1046 adhuc
1394 999 1515 1045 Deos
1530 996 1734 1058 recenset,
1751 1015 1860 1064 quos
1870 998 1989 1045 inter'

319 1074 494 1134 chuqu,
524 1071 650 1118 8ectae
670 1084 800 1136 caput
818 1107 831 1130 ‚
852 1087 988 1117 unum
1003 1069 1172 1116 obtinet
1187 1066 1345 1118 locum.
1384 1069 1485 1115 Pios
1504 1067 1547 1113 id
1569 1066 1630 1114 est
1648 1066 1866 1116 seetatores
1884 1066 1980 1115 suos

318 1158 502 1206 corpore
521 1142 677 1206 pariter
694 1157 741 1186 ac
756 1140 893 1186 anima
914 1141 958 1186 in
973 1139 1135 1186 coelum
1149 1135 1383 1197 ascendere,
1397 1155 1491 1184 eam
1512 1136 1758 1184 felicitatem
1767 1137 1980 1185 exercitiis

317 1208 582 1273 quibusdam
598 1246 609 1268 ‚
641 1210 837 1274 precibus
853 1226 901 1254 ac
925 1207 1241 1255 medicamentis
1258 1206 1445 1254 obtineri
1462 1206 1579 1272 poss'e
1600 1225 1609 1252 ε
1638 1208 1695 1253 ita
1710 1206 1818 1266 fore,
1832 1222 1879 1254 ut
1890 1206 1980 1255 san-

317 1272 487 1326 &orum
502 1277 675 1326 suorum
693 1278 848 1343 gratia,
867 1280 913 1325 &
926 1277 1217 1324 interceffione
1235 1276 1596 1325 immortalitatem
1616 1277 1658 1322 in
1669 1275 1775 1323 caelo
1794 1275 1863 1323 vel
1882 1275 1989 1324 lon-·

318 1365 484 1414 gaevam
503 1350 546 1395 in
566 1363 673 1396 terra
689 1349 818 1393 vitam
833 1345 1158 1410 consequantur.
1237 1398 1241 1401 ,

387 1416 618 1465 Sacrificuli
636 1433 788 1463 eorum
800 1417 1033 1465 Daemones
1053 1414 1094 1462 se
1114 1412 1312 1480 precibus
1329 1415 1409 1462 suis
1432 1413 1585 1475 ejicere
1597 1452 1609 1476 ‚
1626 1412 1855 1463 siccitatem
1874 1414 1983 1463 aeris

303 1485 530 1534 'foecundis
550 1484 758 1533 imbribus
773 1487 966 1552 irrigare,
987 1502 1062 1533 eos
1077 1486 1232 1532 iterum
1250 1483 1389 1532 sistere
1405 1521 1417 1543 ‚
1430 1484 1540 1532 mala
1560 1486 1718 1550 quaevis
1734 1483 1894 1550 pellere
1909 1484 1978 1533 vel

314 1555 521 1603 attrahere
540 1554 659 1621 poffe
680 1553 847 1615 jactant,
885 1553 1128 1603 Diabolum
1145 1571 1202 1602 ex
1213 1554 1374 1604 aedibus
1392 1553 1610 1620 depulsuri
1625 1590 1638 1613 ‚
1652 1555 1696 1602 in
1713 1553 1822 1601 flava
1834 1555 1979 1602 charta

315 1624 524 1673 deformia
535 1623 695 1691 speetra
710 1624 968 1693 depingunt,
978 1642 1160 1690 eamque
1173 1624 1407 1690 parietibus
1425 1624 1606 1673 allinunt
1618 1647 1630 1684 3
1643 1638 1736 1672 tum
1752 1622 1978 1674 horrisono

316 1694 485 1742 ululatu
503 1733 516 1755 ,
549 1694 667 1742 velut
692 1696 778 1741 vivi
798 1696 1052 1754 Daemones,
1072 1693 1345 1743 bacchantur.
1394 1695 1451 1740 Hi
1473 1694 1720 1742 Sacerdotes
1737 1693 1778 1740 in
1799 1697 1979 1760 Regum

315 1764 421 1812 caelo
437 1777 643 1829 terraeque
656 1763 856 1812 dedicatis
867 1763 1037 1829 templis
1050 1802 1062 1824 ,
1076 1766 1246 1830 quoties
1256 1768 1358 1812 Rex
1370 1801 1382 1823 ,
1398 1763 1465 1811 vel
1484 1763 1753 1830 Magistratus
1766 1764 1979 1825 Sacrificia

316 1832 528 1894 offerunt,
561 1832 776 1892 desident,
809 1833 923 1882 unde
944 1833 1056 1881 haud
1074 1851 1204 1899 parva
1236 1836 1286 1882 iis
1305 1834 1537 1882 authoritas
1556 1834 1733 1881 accedit.
1768 1835 1978 1900 Exequiis

316 1920 495 1967 quoque
515 1902 733 1968 pomposo
747 1901 923 1964 vestitu,
953 1902 1072 1951 tubas
1089 1906 1134 1951 &
1156 1902 1310 1952 fistulas
1327 1903 1521 1951 inflantes
1533 1942 1546 1963 ,
1569 1903 1797 1950 intersunt:
1821 1903 1976 1950 domos

316 1972 445 2018 etiam
464 1987 650 2018 recentes
667 1975 920 2036 inaugurant
932 2012 945 2032 ,
972 1973 1019 2018 &
1039 1989 1220 2036 pompas
1235 1972 1426 2019 solennes
1437 1989 1512 2038 pcr
1530 1971 1688 2036 plateas
1709 1972 1944 2022 deducunt.

385 2041 552 2088 Omnes
565 2039 795 2086 Seffatorcs
818 2045 968 2103 Lauzu
986 2041 1153 2087 summo
1166 2041 1366 2088 Pontifici
1379 2080 1393 2100 ,
1406 2058 1535 2105 quem
1551 2037 1663 2103 Ciam
1684 2057 1839 2090 vocant
1850 2079 1862 2102 ‚
1877 2041 1976 2089 sub-

316 2108 425 2166 sunt,
441 2108 560 2169 cujus
581 2108 764 2174 dignitas
783 2109 1004 2156 successiva
1023 2109 1106 2166 jam
1118 2126 1195 2174 per
1209 2110 1325 2157 mille
1340 2128 1472 2157 annos
1492 2109 1586 2160 fuit.
1626 2112 1787 2158 Primus
1798 2129 1853 2158 cx
1870 2116 1974 2159 Pro-

318 2180 466 2226 vinciae
490 2180 660 2245 ngfi
676 2177 873 2243 spelunca
893 2178 1092 2243 prodiiffe
1114 2179 1328 2238 creditur,
1360 2180 1435 2226 ubi
1456 2177 1546 2239 ejus
1577 2178 1734 2245 posteri
1755 2179 1975 2247 hodieque

316 2262 549 2294 morantur.
586 2250 668 2294 Hic
687 2246 887 2294 Pontifex
910 2247 996 2295 fere
1016 2249 1058 2293 in
1079 2250 1194 2313 regia
1215 2251 1360 2315 Peking
1375 2260 1540 2296 aetatem
1559 2252 1668 2315 agit,
1691 2249 1766 2297 ubi
1787 2252 1973 2316 Impera·-

317 2319 398 2363 tori
418 2315 640 2363 aestimatus
657 2316 711 2362 ad
730 2317 875 2362 intima
897 2316 1041 2363 Palatii
1063 2316 1300 2366 admittitur
1314 2357 1325 2377 ‚
1343 2317 1550 2383 pellendis
1569 2318 1669 2366 inde
1680 2318 1795 2366 malis
1817 2319 1974 2384 spiriti-

316 2384 408 2433 bus.
444 2385 614 2433 Leffica
631 2388 672 2433 in
690 2384 868 2450 publico
887 2385 1216 2451 Magistratuum
1236 2386 1361 2435 instar
1375 2385 1636 2453 gestatur,&
1653 2405 1797 2435 annuo
1806 2389 1974 2454 ingenti

317 2452 534 2519 stipendio
558 2457 688 2520 Regis
708 2452 960 2502 liberalitate
979 2454 1115 2502 alitur.
1161 2455 1306 2503 Rudes
1331 2456 1418 2503 fere
1435 2456 1644 2504 sacrorum
1664 2455 1837 2505 suorum
1854 2457 1972 2518 sunt,

317 2525 364 2571 8<
387 2522 610 2571 nullumiis
626 2523 703 2570 nisi
718 2523 762 2569 in
780 2522 952 2588 Tasfin,
966 2524 1009 2570 id
1025 2523 1086 2570 est
1101 2523 1330 2590 discipulos
1350 2525 1445 2572 suos
1470 2526 1712 2591 Imperium.
1745 2525 1969 2592 Plerique,

316 2607 365 2640 ut
386 2591 719 2659 longaevitatem,
729 2592 785 2638 ita
799 2594 843 2639 &
859 2593 1149 2658 Alchymiam,
1161 2611 1290 2659 quam
1301 2595 1322 2641 a
1333 2593 1411 2642 suis
1429 2594 1571 2643 sanclis
1583 2609 1792 2658 repertam
1803 2594 1970 2659 dicunt,

315 2660 483 2725 jaetant.

332 2784 334 2786 ¹
386 2735 533 2795 Atque
550 2731 616 2778 hae
636 2730 729 2777 sunt
751 2745 830 2777 tres
849 2730 928 2779 ill-x
949 2749 1111 2798 magnae
1132 2734 1323 2780 Sinarum
1344 2731 1494 2790 Setiae,
1515 2747 1571 2776 ex
1587 2731 1742 2795 quibus
1763 2745 1968 2798 tanquam

314 2798 505 2846 fontibus
541 2800 768 2865 plusquam
796 2813 994 2847 treccntae
1013 2804 1197 2850 minores
1216 2801 1479 2868 pullularunt
1493 2836 1505 2859 ‚
1539 2801 1584 2846 &
1605 2800 1738 2850 indies
1767 2819 1967 2852 numerus

317 2884 461 2915 carum
480 2867 800 2934 multiplicatur.
1512 2907 1514 2909 »

380 2937 615 3000 Imperator
636 2944 882 2997 Hmnvuus,
899 2950 1028 3002 caput
1045 2938 1204 2988 ultimae
1219 2938 1384 2986 familioe
1411 2938 1623 3005 Taimingae
1637 2977 1650 2999 ,
1681 2937 1855 3004 publica
1870 2938 1966 3005 lege

314 3002 386 3049 has
408 3017 487 3049 tres
500 3007 634 3053 Sectas
654 3005 855 3053 stabilivit
870 3044 882 3066 ,
902 3009 957 3054 ita
969 3021 1182 3067 tamen,ut
1197 3007 1333 3073 prima
1341 3006 1607 3056 eruditorum
1625 3025 1688 3058 res
1709 3009 1879 3074 Imperii
1890 3025 1964 3055 cu-

315 3074 491 3132 raret,&
509 3074 673 3123 duabus
691 3073 865 3141 reliquis
877 3075 1182 3126 dominaretur.

1811 3146 1963 3210 Atque
