2114 3412
124 1161 208 1194 Aulae
227 1164 283 1193 Pr.-

124 1214 274 1235 fflNE'ssls

122 1245 290 1289 descriptio.

1562 59 1623 114 f

305 174 398 228 158
667 158 806 215 ‘Pars
825 156 967 212 tertia
987 153 1266 237 Legationis
1286 156 1549 214 isam-vim

303 261 492 318 fuerunt,
503 259 575 324 qui
587 260 763 305 nomine
777 260 918 323 Mtgni
932 258 1057 305 Clmmi
1067 257 1260 305 vestitum
1274 256 1576 305 Hollandicum
1588 294 1600 316 ,
1619 255 1737 317 cujus
1748 256 1966 322 inspicien-

304 329 348 375 di
360 329 521 394 cupido
537 327 774 386 incessisset,
790 326 1006 392 petebant.
1034 328 1152 374 Data
1171 325 1264 391 ipsis
1283 345 1337 374 ex
1359 326 1506 373 villoso
1521 326 1750 375 holeserico
1762 328 1886 393 nigro
1905 329 1967 374 in-

303 411 418 461 tegra
429 396 562 451 vestis,
572 414 671 444 curn
680 398 810 444 ocreis
817 414 871 443 ex
879 395 1109 460 Hispanico
1119 397 1251 455 corio,
1260 394 1497 455 calcaribus,
1505 395 1716 443 tibialibus
1726 393 1884 443 sericeis
1894 433 1907 455 ,
1918 399 1964 445 &

306 482 399 530 quoe
418 464 585 530 insuper
604 465 732 513 lintea
756 467 1049 530 requiruntur,
1072 464 1248 532 gladius,
1274 467 1319 512 8<
1333 463 1506 512 fibrinus
1517 464 1661 530 pileus.
1695 466 1838 512 Tanta
1849 463 1968 513 volu-

303 549 422 599 ptate
433 552 479 582 ea
497 535 651 582 Clmmm
662 534 852 600 adspexit
863 570 876 592 ,
893 549 940 581 ut
951 534 1095 580 dixisse
1107 532 1308 581 adstantes
1316 532 1534 580 retulerint
1556 551 1565 577 ε
1601 537 1641 580 Si
1654 534 1726 580 haec
1739 534 1969 598 Legatorum

305 602 636 669 vestimentafimt,
656 603 778 668 quibus
798 622 879 669 ergo
899 602 967 665 ipfi
982 604 1096 667 Reges
1120 615 1269 649 utentur
1289 605 1304 647 Ρ
1329 603 1373 647 V
1374 601 1457 649 este
1466 604 1572 649 circa
1583 600 1661 650 ves
1653 620 1794 666 peram
1807 603 1966 650 remissa

304 674 516 737 praecipue
528 671 687 738 pileum
698 691 753 719 ex
764 672 856 738 pilis
865 671 1069 719 fibrorum
1080 684 1332 719 contextum
1345 670 1617 729 mirabantur,
1629 670 1701 718 ubi
1715 709 1727 730 ,
1741 673 1967 736 quomodo

305 742 632 801 conficerentur,
640 740 761 789 solito
777 740 870 807 ipsis
883 757 1002 787 more
1013 742 1322 806 interrogantes.

377 810 746 875 Qiandoquidem
764 813 851 859 haec
860 809 950 857 aula
963 807 1163 874 Pekbzmfis
1176 826 1260 874 prae
1272 807 1505 856 incredibili
1515 809 1824 872 magnitudine,
1835 807 1969 874 splen-

305 880 411 927 dore
426 918 439 938 ,
449 879 628 926 artificio
639 914 652 934 ,
664 879 895 943 procestriis
906 912 919 932 ,
940 877 1255 942 theriotrophiis
1262 916 1276 937 ‚
1293 877 1444 937 hortis,
1463 877 1626 942 piscinis
1636 895 1753 924 more
1760 880 1971 937 omnium,

304 965 482 995 omnem
502 945 684 996 omnino
704 953 1013 1012 Europaeorum
1032 945 1227 1010 superans
1245 962 1494 1012 apparatum
1507 980 1520 1001 ,
1539 948 1628 1011 ejus
1641 945 1813 1012 planum
1832 948 1874 993 in
1886 947 1970 994 hoc

305 1017 513 1065 schemate
522 1035 619 1063 cum
632 1016 930 1064 accuratissima
942 1015 1135 1062 locorum
1154 1014 1463 1074 delineatione,
1482 1031 1529 1063 ut
1550 1017 1728 1082 propriis
1745 1015 1875 1063 oculis
1884 1049 1899 1071 ‚
1921 1018 1969 1065 8<

306 1086 474 1133 auribus
494 1085 780 1151 usurpavimus
793 1123 805 1145 ,
824 1084 1086 1133 exhibemus.

379 1154 492 1202 Aula
505 1155 707 1219 quadrata
720 1189 733 1209 ,
755 1154 918 1203 ambitu
927 1154 1163 1201 duodecim
1174 1155 1207 1207 ly
1220 1191 1233 1212 a
1251 1152 1335 1201 five
1346 1156 1471 1202 trium
1494 1153 1606 1201 horae
1617 1153 1898 1219 quadrantum
1909 1155 1971 1201 in-

305 1237 366 1271 tra
377 1224 608 1272 secundum
631 1224 743 1271 urbis
762 1240 930 1270 murum
941 1226 1118 1270 Boream
1135 1223 1271 1271 versus
1282 1259 1294 1282 ‚
1308 1223 1427 1271 firma
1441 1222 1664 1271 altitudine
1677 1260 1689 1282 ,
1711 1223 1969 1287 quindecem

306 1293 483 1359 amplius
502 1294 665 1358 pedum
687 1311 832 1351 muro,
848 1291 1066 1339 costilibus
1075 1291 1229 1352 rubris,
1246 1291 1366 1358 supra
1387 1292 1503 1340 flavis
1524 1292 1672 1358 tegulis
1684 1292 1809 1340 tectO.
1849 1296 1970 1348 Qa-

306 1376 405 1409 tuor
417 1363 469 1409 ad
480 1361 636 1427 singula
650 1360 776 1409 latera
788 1396 802 1416 ,
813 1360 949 1408 versus
959 1360 1108 1407 mundi
1121 1360 1262 1429 plagas
1275 1399 1287 1421 ,
1305 1364 1327 1408 a
1340 1361 1494 1426 quibus
1505 1362 1835 1408 denominantur
1844 1397 1856 1420 ‚
1871 1379 1970 1426 por-

251 1483 256 1487 *
306 1445 376 1479 tae:
392 1430 591 1479 Australis
602 1433 810 1496 praecipua
821 1433 866 1478 &
878 1431 1065 1477 maxime
1074 1429 1412 1478 commeantibus
1421 1429 1632 1495 frequens.
1667 1432 1763 1478 Nos
1785 1429 1972 1477 Throno

304 1502 574 1565 Imperatoris
582 1502 971 1567 appropinquantes
981 1536 993 1559 ‚
1013 1516 1089 1564 per
1106 1499 1216 1547 hanc
1229 1513 1394 1564 portam
1409 1497 1649 1546 Australem
1659 1501 1703 1546 in
1715 1516 1855 1561 aream
1866 1516 1971 1564 qua-

305 1568 629 1635 dringentorum
643 1570 831 1635 passuum
841 1603 854 1623 ,
873 1567 979 1617 fossa
992 1581 1127 1634 ponte
1144 1569 1466 1633 quatuordecim
1478 1568 1668 1633 passuum
1680 1567 1803 1615 strata
1813 1603 1825 1625 ,
1836 1567 1909 1616 sed
1924 1567 1972 1615 il-

304 1636 393 1685 lum
407 1641 451 1686 &
460 1641 648 1704 gramine
657 1639 717 1685 ob
727 1637 966 1704 neglefium
979 1635 1220 1685 luxuriante
1233 1656 1245 1693 5
1268 1637 1399 1687 milite
1411 1639 1637 1685 Tartarico
1648 1635 1827 1703 equestri
1839 1639 1884 1684 &
1895 1655 1972 1702 pe-

305 1707 428 1754 destri
448 1708 507 1754 ibi
528 1725 681 1774 magna
701 1709 827 1773 copia
845 1706 1067 1754 stationem
1076 1706 1284 1767 habente,
1304 1706 1475 1755 deduffi
1486 1707 1653 1754 fuimus.
1690 1710 1826 1754 Ponte
1836 1719 1970 1754 trans-

304 1777 424 1823 misso
437 1779 567 1842 prima
579 1778 772 1841 porta‚ad
780 1775 897 1837 cujus
905 1791 1134 1841 utrumque
1149 1774 1253 1824 latus
1266 1776 1518 1842 plerumque
1528 1790 1608 1824 tres
1619 1777 1727 1843 nigri
1740 1773 1969 1840 Elephanti

305 1846 504 1892 excubias
515 1862 646 1911 agunt
657 1883 669 1905 ,
688 1847 882 1893 occurrit.
919 1848 996 1892 Per
1007 1845 1114 1893 hanc
1125 1847 1382 1913 quingentos
1391 1845 1522 1911 passus
1533 1844 1706 1912 longam
1719 1848 1764 1892 8<
1778 1846 1971 1909 quinque

304 1913 566 1979 elegantibus
584 1915 759 1962 arcubus
779 1916 971 1961 innixam
993 1928 1160 1979 portam
1170 1950 1182 1973 ‚
1200 1933 1293 1962 area
1305 1915 1447 1979 &ipsa
1458 1911 1879 1978 quadringentoslata
1889 1930 1965 1977 pe-

305 1982 379 2028 des
390 2017 402 2039 ‚
421 1985 464 2029 in
484 2000 608 2048 quam
629 1985 651 2029 a
664 1985 846 2030 Pixentoo
858 1981 1024 2029 summo
1032 2000 1157 2029 mane
1167 2018 1179 2040 ,
1200 1997 1248 2030 ut
1259 2001 1356 2030 cum
1367 1982 1455 2030 aliis
1465 1983 1634 2047 Legatis
1644 1982 1761 2028 diem
1773 1981 1967 2046 experffla·

305 2068 457 2109 remus,
466 2051 634 2099 dedurffi
646 2052 814 2110 fuimus,
822 2051 862 2098 se
872 2052 1005 2115 aperit
1016 2049 1198 2098 aedificiis
1209 2049 1398 2118 insignis3
1421 2053 1496 2098 tria
1507 2050 1637 2098 craffis
1647 2049 1858 2115 firmisque
1870 2068 1963 2097 mu·

304 2121 356 2166 ris
366 2119 613 2168 eminebant
624 2156 636 2177 ,
656 2139 711 2168 ex
723 2120 876 2185 quibus
893 2132 983 2166 tota
994 2138 1088 2167 area
1100 2118 1272 2167 defendi
1283 2120 1433 2185 potest.
1467 2120 1574 2168 Inde
1586 2122 1629 2166 in
1640 2119 1813 2175 alteram
1828 2137 1965 2167 aream

304 2187 494 2236 transitus
513 2188 701 2254 ejusdem
713 2188 1013 2256 magnitudinis
1023 2191 1068 2236 &
1081 2188 1286 2237 strufiurae
1295 2225 1307 2248 ‚
1325 2207 1372 2236 ac
1382 2190 1553 2247 tandem
1565 2208 1640 2254 per
1651 2204 1967 2237 concameratos

303 2256 482 2305 fornices
499 2260 542 2305 in
564 2260 730 2306 tertiam
750 2258 1029 2322 ultimamque
1047 2257 1190 2323 lapide
1200 2257 1311 2306 sersto
1322 2257 1511 2318 stratam,
1531 2259 1605 2305 ubi
1619 2254 1657 2321 C
1657 2258 1752 2304 hami
1763 2257 1896 2318 sedes,
1917 2276 1966 2306 ac

302 2326 455 2391 palatia
467 2327 509 2374 su
514 2346 587 2392 pra
601 2327 747 2381 fidem,
764 2328 908 2373 Sinico
918 2344 1064 2392 opere,
1080 2325 1301 2392 splendida
1313 2361 1327 2382 ‚
1339 2330 1550 2393 praecipue
1561 2342 1743 2394 quatuor
1752 2329 1826 2374 tria
1838 2325 1964 2376 latera

301 2397 515 2462 cingentia
533 2399 579 2444 &
601 2410 783 2462 quatuor
795 2395 992 2463 gradibus
1011 2395 1271 2444 infra-solum
1292 2397 1490 2462 depressa.
1524 2400 1573 2444 In
1587 2396 1732 2443 medio
1745 2393 1965 2456 Palatium,

301 2463 379 2511 ubi
390 2471 560 2530 Mzgnus
573 2466 685 2511 Cham
696 2465 882 2512 Throno
892 2464 1044 2513 insedit
1054 2501 1067 2524 ,
1086 2482 1185 2512 curn
1206 2467 1229 2513 a
1247 2465 1369 2514 nobis
1379 2465 1690 2531 conspiceretur
1709 2487 1721 2523 3
1740 2479 1819 2512 tres
1829 2468 1966 2514 Arcus

299 2532 602 2599 Triumphales
611 2552 664 2581 eo
675 2534 837 2581 ducunt
855 2553 864 2578 z
881 2547 1008 2598 atque
1023 2533 1082 2581 ibi
1096 2537 1345 2599 Imperator,
1357 2533 1564 2601 Augusta,
1576 2533 1828 2582 Eunuchi&
1843 2536 1964 2584 Con-

300 2601 464 2650 cubinae
487 2625 499 2662 3
522 2604 659 2650 caeteri
680 2601 767 2650 fere
786 2620 934 2649 omnes
954 2601 1072 2650 aditu
1096 2602 1393 2652 excluduntur.
1428 2606 1527 2652 Una
1547 2616 1712 2650 tantum
1731 2620 1842 2650 uxor
1854 2601 1957 2664 ejus,

300 2687 456 2718 caeterae
469 2671 718 2719 concubinae
737 2674 879 2718 munia
894 2671 1120 2720 domestica
1131 2672 1296 2720 obeunt
1309 2709 1322 2732 ,
1339 2689 1518 2720 numero
1529 2670 1616 2718 fere
1628 2672 1821 2736 quinque
1837 2671 1961 2721 mille.

301 2742 502 2788 Eunuchi
523 2743 733 2806 praecipua
750 2739 1019 2787 confiliorum
1042 2741 1243 2801 traffitant5
1267 2743 1413 2790 hortos
1427 2779 1441 2800 ,
1462 2738 1620 2806 vigilias
1642 2743 1687 2788 &
1712 2739 1790 2788 alia
1801 2756 1963 2791 curant.

299 2810 465 2855 Eadem
483 2809 585 2857 aulae
605 2809 726 2857 facies
743 2809 1078 2876 ingredientibus
1101 2810 1155 2858 ab
1177 2810 1263 2858 aliis
1285 2809 1479 2857 lateribus
1499 2828 1509 2854 ε
1540 2827 1638 2857 nam
1664 2810 1804 2858 media
1815 2828 1908 2858 area
1918 2813 1962 2858 in

299 2880 429 2923 crucis
445 2876 624 2927 formam
648 2879 752 2926 seSta
764 2915 776 2937 ,
795 2876 931 2927 versus
950 2893 1134 2943 quatuor
1149 2879 1299 2927 mundi
1312 2892 1447 2944 partes
1464 2877 1674 2943 aequaliter
1696 2879 1960 2927 extenditur:

298 2945 454 2991 circum
470 2947 603 3006 horti,
613 2947 866 3006 ambulacra,
878 2947 960 2995 luci
972 2983 984 3006 ‚
1000 2947 1111 2995 lacus
1123 2983 1136 3003 ,
1148 2947 1311 3014 piscina:
1324 2946 1499 3011 paradisi
1510 2965 1558 2994 ac
1570 2947 1737 3012 palatia,
1750 2965 1842 3013 quae
1852 2949 1960 2995 inter

296 3010 769 3064 liberos&concubinas
781 3055 794 3076 ‚
815 3034 993 3081 quarum
1017 3030 1200 3082 quatuor
1219 3017 1439 3081 praecipuae
1453 3054 1468 3076 ,
1481 3016 1799 3065 distribuuntur.
1833 3017 1959 3063 Varia

296 3099 373 3147 per
383 3083 548 3130 tertiam
557 3101 577 3130 a
584 3086 949 3146 ream,EunuchiS,
962 3084 1248 3145 Concubinis‚
1262 3083 1440 3133 Ancillis
1447 3123 1460 3147 ‚
1479 3085 1778 3135 Sacerdotibus
1787 3081 1960 3148 aliisque

1799 3150 1959 3200 habita-
