2150 3370
169 2709 294 2741 Schcde-

168 2752 223 2781 lius
249 2762 291 2781 re-

169 2802 300 2826 vertitur.

346 127 412 170 28
722 106 861 163 Pars
869 101 1030 183 prima
1051 97 1327 186 Legationis
1347 101 1608 159 Batavicae

346 217 507 264 flumen
529 208 729 259 dedmfius
749 206 919 255 no&em
939 208 1072 274 quieti
1094 207 1226 254 dedit.
1264 208 1390 254 Bonis
1409 204 1693 254 exldolorum
1713 205 1746 251 F
1748 205 1998 255 ano8cnavi

347 286 432 333 huc
455 279 663 330 transsatis.

414 351 672 414 Praecipuum
689 347 951 394 commerciis
972 343 1110 392 liberis
1141 346 1498 411 impedimentum
1518 347 1561 392 in
1575 344 1673 390 Sina
1685 356 1777 390 tum
1788 342 2000 405 Makoenft’s

342 424 514 471 fuerunt
529 452 543 473 ,
567 419 642 483 qui
661 434 751 465 non
771 416 906 463 modo
922 415 1168 464 Praefectum
1189 417 1390 463 Haitouw
1411 413 1766 479 corrumpebant,
1785 412 1854 460 sed
1877 414 2000 462 missis

343 493 589 537 Cantonam
603 488 771 554 Legatis
785 487 961 534 Batavos
971 484 1311 533 criminabantur.
1347 483 1484 540 Qiod
1503 482 1647 548 lupina
1667 480 1891 530 truculenti
1902 484 2001 533 feri-

341 571 427 606 tate
438 556 606 606 rabidos
626 558 668 602 in
692 555 843 603 obvios
865 572 1026 620 ungues
1045 553 1315 621 distringant,
1340 556 1386 602 &
1408 571 1463 599 ex
1482 566 1605 617 raptu
1625 553 1834 611 viventes,
1855 566 2000 618 praeter

343 627 573 675 Milvinam
586 624 765 672 famelici
778 622 1024 689 ingluviem,
1035 622 1168 670 aliena
1180 624 1343 688 semper
1363 623 1547 681 inhient,
1561 624 1688 668 etiam
1711 623 1734 667 a
1756 619 1893 686 longis
1914 621 2002 685 jam

347 699 465 745 annis
480 695 573 743 casu
583 693 649 743 vel
662 693 902 742 neceffitate
913 691 1019 741 facia
1031 691 1097 739 vel
1117 692 1214 740 fidia
1225 711 1302 758 per
1309 693 1465 738 civium
1476 691 1651 758 stragem
1663 692 1707 738 8<
1724 689 1833 736 fusos
1844 690 2003 758 sangui-

344 768 408 813 nis
421 764 588 813 fraterni
604 766 712 811 rivos
726 762 779 810 ad
791 762 1031 827 improbam
1048 761 1299 809 dominandi
1321 760 1534 808 licentiam
1556 760 1819 807 contendant
1836 794 1848 818 ,
1882 763 2004 826 quod

345 835 572 881 Taiwanam
592 833 860 898 occupassent
871 865 885 885 ‚
907 831 1155 881 Manilhaae&
1167 831 1351 881 Makomn
1364 868 1378 890 ‚
1393 829 1657 878 attentassent
1667 865 1679 888 ,
1698 830 1821 877 Annus·
1837 830 2010 895 copiosa

343 903 462 951 classe
476 916 668 951 tenerent
680 901 867 949 clausam.
896 900 1108 948 lnstabant
1120 900 1196 947 hos
1206 901 1385 947 eandem
1396 899 1488 947 fore
1497 914 1668 967 gentem
1681 937 1694 958 ,
1716 915 1810 963 quae
1823 899 1845 944 a
1857 901 2007 965 viginti

342 972 473 1020 tribus
488 974 603 1019 annis
612 969 963 1019 benevolentiam
974 969 1241 1037 Magistratus
1251 969 1373 1038 largis
1384 982 1623 1036 captaverat
1634 969 1756 1015 donis
1774 1002 1788 1022 ,
1806 966 1876 1015 sed
1884 987 2005 1016 com-

341 1044 461 1089 muni
471 1044 646 1088 Senatus
655 1039 853 1105 suffragio
864 1038 924 1085 ob
936 1054 1037 1087 nota
1048 1041 1235 1089 facinora
1247 1040 1477 1106 prudenter
1489 1036 1649 1104 repulsi.
1689 1043 1796 1093 Quo
1811 1052 2008 1104 tempore

345 1113 580 1159 Hautaimon
590 1111 706 1159 ferris
717 1113 761 1158 8<
775 1107 954 1157 flammis
964 1108 1314 1157 commiscuerant
1333 1146 1345 1169 ,
1362 1110 1477 1157 unde
1496 1125 1714 1174 nunquam
1726 1106 1780 1155 ab
1792 1105 1880 1154 ullo
1894 1109 2009 1156 Sina-

343 1197 437 1225 rum
448 1182 572 1245 Rege
583 1179 744 1226 admissi
752 1178 846 1226 sunt
856 1216 868 1238 ,
889 1181 934 1227 &
946 1197 1039 1245 quae
1060 1178 1139 1227 alia
1149 1179 1203 1226 ad
1218 1179 1389 1237 odium,
1409 1197 1456 1227 ac
1466 1178 1669 1226 invidiam
1681 1178 1875 1242 conquiri
1888 1192 2009 1242 pote-

344 1263 448 1295 rant.
486 1250 747 1313 Praecipuum
770 1248 990 1314 aiKoxinga
1010 1249 1184 1304 odium,
1219 1267 1348 1314 quem
1361 1284 1374 1305 ‚
1395 1249 1621 1296 Tartaricae
1641 1246 1807 1294 hostem
1826 1245 2010 1303 familiae,

340 1315 718 1379 foverejaffmbant.
758 1318 976 1366 Accessere
1000 1317 1243 1384 Philosophi
1255 1317 1548 1367 Cantonenses
1564 1316 1663 1382 (qui
1675 1314 1817 1381 quales
1829 1314 1908 1363 sint
1918 1333 2009 1363 non

342 1402 457 1432 nunc
476 1387 726 1451 opusmultis
743 1387 1103 1452 commemorare)
1123 1390 1197 1453 qui
1216 1390 1379 1436 Batavis
1389 1386 1557 1435 adversa
1569 1388 1715 1432 omnia
1731 1385 1847 1451 apud
1859 1387 2011 1433 Tarta-

345 1455 451 1500 ricos
475 1455 746 1522 Magistratus
765 1475 839 1522 per
857 1456 1083 1505 calumnias
1100 1457 1337 1517 struebant,
1354 1474 1536 1521 quarum
1546 1457 1740 1502 omnium
1752 1457 1785 1501 is
1805 1469 1892 1503 erat
1903 1455 2012 1515 finis,

342 1536 391 1569 ut
410 1525 509 1570 Sina
541 1524 875 1576 excluderentur.
914 1525 1066 1574 Multis
1080 1526 1180 1574 hinc
1200 1527 1302 1574 inde
1320 1526 1502 1590 jaciatis,
1520 1528 1721 1591 Proreges
1741 1522 2010 1572 nihilfecon-

341 1604 405 1638 tra
425 1593 700 1657 dignitatem,
720 1595 941 1658 fidemque
963 1587 1219 1642 Batavorum
1238 1594 1428 1659 suspicari
1440 1594 1700 1641 testabantur
1718 1612 1728 1637 ε
1751 1594 1854 1658 quin
1866 1594 2010 1658 potius

342 1677 415 1705 eos
431 1662 618 1725 Imperio
642 1662 785 1708 Sinico
807 1675 983 1726 propter
1005 1665 1259 1710 commercia
1281 1680 1371 1710 non
1392 1661 1513 1710 utiles
1530 1663 1692 1714 mium,
1720 1678 1851 1726 quam
1870 1660 2010 1708 necesl

338 1726 461 1774 farios
480 1729 625 1776 videri.
657 1732 722 1777 Ita
733 1729 942 1776 calumnia
963 1744 1057 1777 tum
1079 1733 1254 1778 evanuit
1275 1753 1289 1790 3
1318 1745 1416 1778 toto
1440 1732 1620 1796 negotio
1639 1729 1841 1796 Pekingcmz
1857 1765 1870 1789 ,
1888 1731 1935 1778 &
1953 1729 2009 1778 acl

338 1797 556 1863 Magnum
576 1797 751 1845 chamum
771 1798 949 1846 remiss0.

412 1865 936 1931 Expediebanturinterea
949 1867 972 1913 ἐι
990 1866 1240 1932 Protegibus
1260 1866 1411 1925 literae,
1431 1865 1585 1932 quibus
1604 1865 1735 1913 libera
1756 1868 1937 1915 concedi
1950 1869 2011 1916 vi-

342 1933 524 1981 debatur
544 1949 775 1982 mercatura
801 1957 814 1992 3
851 1952 1034 2001 quorum
1064 1936 1311 1983 auctoritate
1341 1953 1445 1983 mox
1464 1937 1819 1984 commerciorum
1841 1953 2007 1985 camera

344 2004 535 2068 erigitur,
547 2001 640 2069 ipsis
653 2002 902 2070 Proregibus
912 2005 1116 2058 mercium
1124 2003 1387 2069 emptoribus
1397 2041 1410 2062 ,
1426 2006 1604 2071 jamque
1614 2007 1657 2051 in
1671 2008 1880 2072 Emporio
1893 2008 2010 2053 Can-

347 2069 513 2118 tonensi
522 2072 713 2121 fervebat
723 2075 949 2140 negotium
966 2093 975 2119 :
1003 2076 1129 2122 Petro
1140 2075 1256 2121 ΓΒοΠιό
1268 2091 1366 2121 cum
1376 2088 1562 2140 quatuor
1582 2077 1712 2122 Sociis
1722 2088 2006 2123 mercatorum

347 2140 474 2187 causis
496 2142 698 2190 praestito
734 2162 744 2188 :
779 2160 878 2189 cum
908 2157 1084 2209 repente
1111 2142 1277 2209 Peltingci
1308 2141 1511 2210 appulisse
1532 2144 1771 2192 dicerentur
1792 2144 1815 2190 a
1834 2148 2008 2212 Magno

348 2211 522 2257 Chamo
547 2213 692 2258 nuncii
714 2247 726 2270 ,
752 2211 905 2277 quibus
923 2216 1160 2279 Imperator
1179 2216 1308 2260 totius
1326 2213 1455 2261 causae
1468 2215 1762 2279 cognitionem
1783 2212 1858 2260 fibi
1873 2213 2008 2260 vindi-

347 2278 470 2326 cabat
491 2315 503 2338 ,
528 2298 671 2344 neque
682 2280 736 2327 ad
750 2284 952 2349 Proteges
969 2300 1064 2330 eam
1082 2282 1381 2330 remittendam
1395 2283 1548 2330 dicere.
1581 2286 1645 2331 lta
1663 2283 1877 2330 discessum
1888 2285 2007 2329 Bata-

347 2349 476 2401 viam,
487 2366 584 2395 cum
597 2349 1013 2409 mercibus,&omni
1029 2350 1196 2416 populo
1207 2351 1476 2400 suadentibus
1495 2386 1509 2406 ‚
1529 2370 1584 2398 ne
1604 2354 1797 2410 Bataviae,
1811 2355 2006 2417 Rex,per

347 2433 477 2479 quem
499 2417 843 2466 Gubernatorem
862 2419 1107 2486 intelligunt
1124 2456 1137 2478 ,
1156 2422 1447 2484 captivitatem
1472 2419 1763 2484 suspicaretur,
1779 2419 1872 2484 ipsis
1891 2423 2014 2467 Can-v

346 2484 585 2533 tonensium
611 2485 836 2545 Praefectis,
869 2505 956 2535 rem
992 2502 1150 2535 tantam
1181 2488 1260 2535 alia
1289 2489 1483 2553 expediri
1504 2491 1648 2536 tutiori
1670 2492 1736 2537 via
1759 2507 1847 2538 non
1868 2489 2001 2554 posse,

348 2570 478 2617 quam
497 2554 671 2603 solemni
692 2555 746 2602 ad
766 2555 902 2620 ipsum
925 2560 1115 2622 Magnum
1140 2553 1326 2619 [hamum
1347 2560 1585 2624 Legatione
1605 2560 1805 2623 expedita
1825 2591 1839 2611 ,
1868 2575 2004 2624 eaque

347 2636 468 2669 tanto
491 2625 738 2689 Imperatori
755 2643 831 2689 per
851 2627 1089 2673 Tartariam
1110 2628 1340 2692 Sinamque
1359 2625 1549 2675 latissime
1560 2627 1829 2685 dominante,
1849 2645 2005 2675 conve-

353 2692 495 2737 nienti.
533 2694 668 2741 Dicto
677 2693 850 2741 audiens
862 2694 1104 2742 Schedelius
1115 2696 1279 2744 decima
1290 2699 1405 2743 nona
1425 2698 1536 2760 Maji
1556 2697 1796 2755 revertitur,
1814 2696 1923 2743 binis
1942 2698 2004 2743 in-

356 2757 659 2809 stru&usliteris
671 2764 725 2811 ad
735 2762 964 2810 Nicolaum
982 2764 1155 2831 Verlnag,
1173 2764 1370 2813 Taiwanae
1382 2764 1626 2813 Praefectum
1639 2800 1651 2823 ,
1669 2767 1788 2830 queis
1806 2780 2004 2814 mutuum

356 2829 545 2876 amicitiae
557 2830 684 2878 faedus
696 2832 988 2881 Gubernatori
1000 2832 1249 2884 offerebant.

426 2899 751 2954 Senatuslndiae,
762 2902 985 2968 postquam
996 2904 1114 2951 initia
1124 2902 1534 2963 succeflerant,1niffis
1544 2905 1589 2950 in
1600 2905 1813 2952 Bataviam
1828 2904 2004 2963 indiciis,

357 2966 628 3030 Superiorum
639 2970 893 3019 authoritate
904 2974 1188 3039 Legationem
1199 2973 1254 3021 ad
1271 2978 1458 3040 Magnum
1472 2973 1642 3019 Chamum
1653 2970 1792 3033 suasit,
1808 2974 2002 3039 impetra-

357 3035 512 3100 vitque.
548 3040 618 3082 Ac
631 3055 684 3085 ne
703 3039 862 3089 interea
881 3044 1111 3108 quicquam
1130 3044 1330 3109 temporis
1339 3043 1458 3091 vacui
1471 3040 1850 3107 praeterlaberetur,
1867 3039 2002 3089 visum

1907 3108 2006 3169 fuit,
