2114 3412
167 2135 255 2178 Cinfie.

339 150 361 190 1
377 143 405 189 g
688 121 831 179 Part
851 114 1019 175 ultima
1040 108 1325 199 Leg‘atiom's
1346 114 1608 174 Patavicae

333 224 467 277 libelli
480 235 729 287 ,antequam
752 219 805 267 ad
827 218 1098 285 Inquisitores
1109 217 1351 267 deferantur
1366 255 1378 278 ,
1410 217 1433 263 a
1447 216 1586 264 scribis
1604 213 1859 283 quibusdam
1876 216 1998 268 tran*¹

333 294 584 351 scribuntur,
602 309 648 339 ac
666 308 719 339 ne
734 289 843 338 fraus
864 288 955 337 fieri
980 289 1108 355 poffit
1128 325 1140 349 ,
1171 287 1418 354 transcripta
1436 288 1567 334 rubro
1578 285 1725 335 colore
1745 287 1991 354 tinguntur,

336 364 428 431 ipso
446 361 682 428 exemplari
703 373 942 408 atramento
964 359 1134 424 scripto.
1178 357 1450 423 Transcripta
1479 359 1524 405 &
1559 375 1647 404 non
1681 356 1770 422 ipsa
1788 359 1991 422 primaeva

335 432 598 498 exemplaria
610 472 623 492 ,
636 429 723 478 fine
734 431 979 478 nominibus
990 428 1243 495 scriptorum
1253 465 1266 488 ,
1280 425 1601 493 Inquisitoribus
1617 426 1900 475 examinanda
1907 438 1991 475 tra«

336 503 604 569 duntur,ipsa
620 515 763 548 autem
782 500 933 567 scripta
944 499 1287 548 Candidatorum
1299 536 1311 558 ,
1328 515 1422 563 quae
1441 515 1463 544 a
1480 497 1731 563 transcriptis
1748 495 1855 544 nihil
1865 494 1990 545 diffe-

337 586 437 620 runt
448 609 460 632 ,
482 574 642 620 interea
650 569 969 618 custodiuntur:
991 568 1038 616 ld
1050 569 1172 635 quod
1185 582 1414 636 propterea
1428 565 1499 627 fit,
1518 580 1566 613 ut
1580 567 1899 616 Examinatores
1909 583 1996 614 no-

334 644 448 692 mina
463 642 719 707 scriptorum
732 679 745 700 ,
766 655 838 688 aut
860 657 1033 688 manum
1043 639 1268 706 agnoscere
1282 637 1454 704 possint.

406 713 569 776 Scripta
580 710 633 758 ab
644 709 1006 758 examinatoribus
1025 706 1296 773 penficulata,
1305 705 1467 768 rejeffis
1478 703 1700 754 vilioribus
1711 745 1726 767 ,
1743 704 1796 753 ad
1806 703 1992 772 duplum

334 782 676 829 Licentiatorum
694 779 975 827 creandorum
993 795 1220 827 numerum
1237 777 1501 843 rediguntur.
1542 778 1606 823 Ita
1624 789 1673 823 ut
1699 775 1731 824 si
1751 787 1926 824 centum
1943 777 1992 823 &

336 853 649 918 quinquaginta
667 848 974 916 promovendi,
999 861 1185 896 trecenta
1204 848 1354 913 scripta
1365 847 1509 915 Regiis
1528 844 1854 912 Inquisitoribus
1867 845 1994 894 exhi-

336 919 535 979 beantur,
549 937 605 967 ex
621 918 778 983 quibus
788 920 954 983 optima
964 955 977 978 ,
1000 935 1081 983 pro
1090 935 1274 966 numero
1286 955 1298 978 ,
1315 915 1509 984 seligunt.
1545 915 1705 964 Seletfta
1724 917 1768 963 in
1778 915 1994 980 primum',

336 990 569 1038 secundum
580 1026 593 1048 ,
607 991 780 1037 tertium
789 987 985 1037 ordinem
994 986 1260 1052 rediguntur.
1293 986 1396 1035 Inde
1405 984 1665 1050 exemplaria
1682 1003 1782 1034 cum
1800 985 1993 1034 transcri⁴

336 1061 421 1126 ptis
436 1058 715 1107 conferuntur
729 1094 743 1117 ,
775 1057 822 1103 &
841 1074 1000 1105 nomen
1019 1056 1232 1121 scriptoris
1252 1056 1507 1122 praelegitur.
1542 1057 1648 1103 Haec
1664 1056 1840 1104 nomina
1861 1053 1995 1104 literis

336 1129 474 1195 sesqui
490 1128 600 1195 pede
625 1127 716 1175 altis
740 1125 893 1191 scripta
910 1126 954 1173 in
971 1123 1127 1173 tabulis
1146 1124 1322 1192 publice
1336 1138 1644 1191 proponuntur
1660 1141 1820 1191 magno
1834 1125 1992 1192 populi

335 1196 551 1246 confluxu
566 1234 578 1256 ,
612 1199 658 1244 &
672 1194 814 1244 faustis
830 1208 1115 1262 cognatorum
1131 1194 1516 1243 acclamationibus.
1553 1197 1702 1259 Atque
1720 1195 1789 1242 hic
1807 1194 1991 1243 licentiae

334 1267 488 1334 gradus
503 1266 687 1316 multum
696 1266 906 1332 dignitate
917 1304 931 1325 ,
951 1265 1183 1331 privilegiis
1193 1266 1240 1313 &
1255 1263 1590 1313 immunitatibus
1599 1265 1789 1330 priorem
1798 1264 1992 1327 antistat,

335 1337 530 1387 &aditus
549 1335 609 1382 illi
626 1335 679 1382 ad
696 1336 883 1382 maxima
902 1335 1073 1400 Imperii
1090 1351 1265 1382 munera
1281 1347 1413 1400 patet.

402 1409 478 1454 His
499 1409 556 1454 ita
573 1404 750 1470 perastis
769 1403 901 1470 Regii
919 1403 1192 1469 Inquifitores
1211 1403 1332 1452 edito
1343 1404 1456 1450 libro
1473 1402 1605 1451 totius
1616 1401 1822 1450 examinis
1832 1402 1990 1452 succes*

332 1475 445 1534 sum,
472 1476 650 1523 nomina
665 1473 1026 1534 Licentiatorum,
1041 1472 1262 1539 scripturas
1271 1472 1612 1523 eminentissimas
1635 1469 1855 1536 publicant
1874 1492 1885 1518 ε
1906 1472 1992 1522 Sed

331 1547 548 1612 praecipue
566 1542 700 1603 illius,
731 1543 809 1610 qui
818 1543 1127 1609 primuminter
1147 1543 1409 1592 Licentiatos
1429 1542 1575 1591 locum
1592 1539 1808 1603 obtinuit,
1836 1542 1992 1610 scripta

331 1617 447 1681 typis
465 1613 732 1680 evulgantur.
767 1613 852 1661 Hic
861 1612 1000 1661 Sinice
1010 1617 1212 1682 Qiayven
1225 1612 1493 1674 vocatur,ille
1508 1611 1618 1660 liber
1631 1611 1795 1660 curiose
1813 1612 1990 1680 impres·

330 1684 395 1732 sus
410 1699 510 1733 toto
530 1686 689 1750 Regno
697 1681 957 1750 dispergitur
967 1722 982 1746 ‚
997 1681 1179 1752 ejusque
1196 1683 1462 1750 exemplaria
1479 1683 1646 1750 aliquot
1667 1683 1780 1750 Regi
1795 1683 1842 1731 8(
1862 1682 1990 1733 Auli-

328 1756 388 1802 cis
407 1754 659 1803 offeruntnr.

401 1823 476 1872 Ad
496 1824 582 1872 hoc
596 1838 777 1871 examen
793 1820 901 1870 nulli
917 1821 1085 1871 alterius
1101 1824 1335 1872 Provinciae
1355 1822 1635 1871 Baccalaureo
1652 1821 1830 1872 accessus
1844 1821 1993 1884 datur,
2062 1879 2064 1882 ⁵

333 1892 405 1939 sed
419 1906 586 1940 tantuin
596 1892 690 1953 illis,
700 1893 848 1958 quiex
864 1894 1090 1941 Provincia
1107 1891 1273 1959 Peking
1289 1910 1336 1940 ac
1349 1891 1585 1958 Nangking
1600 1891 1707 1941 sunt.
1734 1892 1877 1940 Paucis
1891 1894 1989 1958 qui-

331 1961 513 2009 busdam
529 1961 730 2026 peculiari
749 1961 921 2008 indultu
932 1996 945 2019 ,
961 1980 1017 2009 ex
1034 1962 1123 2008 aliis
1139 1963 1371 2009 Provinciis
1387 1979 1470 2027 pro
1487 1964 1600 2009 certa
1617 1959 1777 2008 summa
1795 1963 1992 2026 pecuniae

331 2030 599 2080 conceditur.

402 2101 577 2147 Tertius
607 2097 761 2164 gradus
777 2096 820 2163 C
815 2099 897 2164 insu
910 2135 924 2157 ,
958 2099 1083 2166 plane
1098 2116 1202 2147 cum
1224 2097 1471 2147 Dostoratu
1489 2098 1636 2146 nostro
1658 2099 1704 2145 in
1719 2098 1992 2165 Theologia‚

331 2169 503 2236 Jure,&
519 2168 739 2216 Medicina
748 2170 964 2216 convenit.
1001 2169 1083 2216 Hic
1096 2168 1249 2235 gradus
1263 2168 1432 2235 singulo
1443 2185 1621 2235 quoque
1633 2168 1841 2229 triennio,
1863 2168 1994 2219 sedin
2069 2162 2073 2166 ’

332 2237 420 2285 sola
439 2239 578 2304 Regia
592 2239 761 2305 Pelting,
782 2254 896 2285 anno
912 2237 1047 2286 altero
1057 2237 1154 2304 post
1166 2241 1505 2289 Licentiatorum
1524 2239 1868 2305 promotionem,
1882 2254 1991 2288 con..

331 2306 476 2356 fertur.

403 2376 476 2424 Ad
488 2376 602 2423 hunc
620 2376 791 2426 summae
806 2371 1022 2443 dignitatis
1041 2376 1222 2443 gradum
1230 2395 1289 2426 ex
1309 2391 1408 2426 toto
1425 2376 1614 2443 Imperio
1635 2375 1803 2425 nonnisi
1824 2389 1991 2427 trecen-

330 2447 366 2492 ti
387 2446 610 2511 pervenire
628 2445 826 2512 possunt,
859 2464 1107 2513 quanquam
1123 2465 1273 2495 omnes
1291 2449 1517 2495 Licentiati
1535 2463 1590 2495 ex
1607 2463 1863 2512 quacunque
1882 2451 1989 2496 Pro·

332 2516 487 2574 vincia,
502 2515 577 2580 qui
588 2513 629 2560 se
637 2517 825 2563 examini
844 2515 1092 2565 submittere
1110 2518 1266 2565 volunt
1278 2517 1590 2577 ,admittantun
1625 2517 1722 2563 Hoc
1737 2533 1917 2564 examen
1934 2516 1989 2564 fit

335 2583 522 2632 secundo
549 2583 713 2642 mense,
746 2585 926 2646 iisdem,
957 2586 1112 2653 quibus
1133 2588 1304 2652 priora,
1337 2585 1500 2635 diebuS.
1552 2583 1735 2634 Nullum
1766 2585 1876 2633 inter
1906 2586 1991 2634 hos

335 2655 383 2700 &
416 2656 578 2720 priores
610 2656 655 2700 in
679 2657 951 2722 exquirendo
984 2655 1232 2718 discrimen,
1263 2655 1342 2704 nisi
1357 2656 1479 2722 quod
1501 2653 1690 2721 respeEiu
1715 2652 1886 2716 majoris
1919 2656 1988 2704 di«

330 2724 506 2787 gnitatis
547 2721 737 2772 exaffior
782 2742 964 2792 quoque
1004 2743 1104 2773 cura
1150 2724 1402 2775 adhibeatur
1419 2761 1434 2787 ,
1488 2722 1766 2790 prohibendo
1805 2724 1943 2773 favori
1971 2763 1989 2788 ,

332 2792 384 2838 8(
409 2810 504 2857 quae
536 2792 784 2860 frequenter
814 2796 876 2841 ibi
911 2795 1118 2844 delitescit
1144 2835 1158 2857 ,
1199 2794 1363 2846 fraudi.
1437 2794 1508 2843 Ad
1540 2794 1649 2842 hanc
1680 2793 1987 2858 Inquisitorum

334 2860 503 2910 class'em
538 2866 671 2912 etiam
712 2882 769 2912 cx
806 2867 924 2914 Colais
947 2905 962 2926 ,
1008 2867 1083 2932 qui
1116 2866 1304 2932 primarii
1343 2862 1528 2914 Ministri
1568 2862 1694 2912 status
1718 2902 1733 2925 ,
1787 2862 1985 2930 deligun-

335 2940 418 2976 tur.

403 3000 571 3048 Perac‘lca
593 3002 874 3066 inquisitione
896 3007 944 3053 8(
974 3003 1225 3052 examinatis
1242 3005 1286 3050 in
1305 3001 1462 3050 eodem
1482 3001 1644 3052 Palatio
1660 3003 1905 3051 Dostorum
1931 3000 1988 3049 tia*

331 3065 429 3114 tulo
447 3072 604 3124 ornatis
620 3109 634 3131 ,
665 3073 741 3122 ubi
764 3075 894 3124 etiam
907 3072 1166 3141 plerumque
1197 3072 1426 3121 Licentiati
1445 3071 1556 3122 fiunt
1574 3111 1590 3136 ,
1624 3090 1774 3122 onmes
1799 3070 1920 3186 ῦιὲΙυΙ
1938 3072 1984 3121 in

1812 3143 1846 3188 P
1889 3141 1982 3187 atio

2040 43 2055 57 θ·
2068 60 2069 63 ¹

2074 106 2082 135 ’τ
2095 109 2114 144 ’ἰ

2077 232 2094 258 ⁴⁵0

2079 392 2094 435 Ji·

2082 492 2095 530 ζ
