<?xml version="1.0" encoding="UTF-8"?>
<!DOCTYPE html PUBLIC "-//W3C//DTD XHTML 1.0 Transitional//EN"
    "http://www.w3.org/TR/xhtml1/DTD/xhtml1-transitional.dtd">
<html xmlns="http://www.w3.org/1999/xhtml" xml:lang="en" lang="en">
 <head>
  <title>
</title>
<meta http-equiv="Content-Type" content="text/html;charset=utf-8" />
  <meta name='ocr-system' content='tesseract 3.04.00' />
  <meta name='ocr-capabilities' content='ocr_page ocr_carea ocr_par ocr_line ocrx_word'/>
</head>
<body>
  <div class='ocr_page' id='page_1' title='image "./legatiobatavicaa00nieu_0341.png"; bbox 0 0 2114 3412; ppageno 0'>
   <div class='ocr_carea' id='block_1_1' title="bbox 318 141 1714 233">
    <p class='ocr_par' dir='ltr' id='par_1_1' title="bbox 318 141 1714 233">
     <span class='ocr_line' id='line_1_1' title="bbox 318 141 1714 233; baseline 0.006 -30"><span class='ocrx_word' id='word_1_1' title='bbox 318 143 384 203; x_wconf 78' lang='lat' dir='ltr'>ad</span> <span class='ocrx_word' id='word_1_2' title='bbox 391 146 705 230; x_wconf 60' lang='lat' dir='ltr'>Magnum</span> <span class='ocrx_word' id='word_1_3' title='bbox 718 141 974 209; x_wconf 69' lang='lat' dir='ltr'>Tartariae</span> <span class='ocrx_word' id='word_1_4' title='bbox 988 149 1211 233; x_wconf 74' lang='lat' dir='ltr'>Sinaeque</span> <span class='ocrx_word' id='word_1_5' title='bbox 1231 147 1476 211; x_wconf 73' lang='lat' dir='ltr'>chamum.</span> <span class='ocrx_word' id='word_1_6' title='bbox 1650 177 1714 228; x_wconf 80' lang='lat'>75</span> 
     </span>
    </p>
   </div>
   <div class='ocr_carea' id='block_1_2' title="bbox 79 246 1723 2451">
    <p class='ocr_par' dir='ltr' id='par_1_2' title="bbox 148 246 1722 316">
     <span class='ocr_line' id='line_1_2' title="bbox 148 246 1722 316; baseline 0.006 -21"><span class='ocrx_word' id='word_1_7' title='bbox 148 246 283 313; x_wconf 87' lang='lat' dir='ltr'>Apud</span> <span class='ocrx_word' id='word_1_8' title='bbox 300 251 441 312; x_wconf 74' lang='lat' dir='ltr'>Iongan</span> <span class='ocrx_word' id='word_1_9' title='bbox 453 247 494 293; x_wconf 90' lang='lat' dir='ltr'>in</span> <span class='ocrx_word' id='word_1_10' title='bbox 512 255 575 298; x_wconf 86' lang='lat' dir='ltr'><em>X</em></span> <span class='ocrx_word' id='word_1_11' title='bbox 576 248 658 309; x_wconf 80' lang='lat' dir='ltr'>enfi</span> <span class='ocrx_word' id='word_1_12' title='bbox 668 263 724 293; x_wconf 85' lang='lat' dir='ltr'>ex</span> <span class='ocrx_word' id='word_1_13' title='bbox 740 248 958 295; x_wconf 83' lang='lat' dir='ltr'>montibus</span> <span class='ocrx_word' id='word_1_14' title='bbox 977 247 1172 297; x_wconf 89' lang='lat' dir='ltr'>bitumen</span> <span class='ocrx_word' id='word_1_15' title='bbox 1191 249 1275 296; x_wconf 91' lang='lat' dir='ltr'>sive</span> <span class='ocrx_word' id='word_1_16' title='bbox 1293 251 1536 316; x_wconf 89' lang='lat' dir='ltr'>petroleum</span> <span class='ocrx_word' id='word_1_17' title='bbox 1548 255 1722 305; x_wconf 84' lang='lat' dir='ltr'>exudat.</span> 
     </span>
    </p>

    <p class='ocr_par' dir='ltr' id='par_1_3' title="bbox 82 314 1723 518">
     <span class='ocr_line' id='line_1_3' title="bbox 150 314 1723 387; baseline 0.008 -27"><span class='ocrx_word' id='word_1_18' title='bbox 150 315 505 381; x_wconf 75' lang='lat' dir='ltr'>Apud-Hoaiking</span> <span class='ocrx_word' id='word_1_19' title='bbox 519 317 561 361; x_wconf 91' lang='lat' dir='ltr'>in</span> <span class='ocrx_word' id='word_1_20' title='bbox 580 320 733 364; x_wconf 83' lang='lat' dir='ltr'>Honan</span> <span class='ocrx_word' id='word_1_21' title='bbox 748 314 852 363; x_wconf 88' lang='lat' dir='ltr'>olim</span> <span class='ocrx_word' id='word_1_22' title='bbox 866 334 989 364; x_wconf 89' lang='lat' dir='ltr'>mons</span> <span class='ocrx_word' id='word_1_23' title='bbox 1016 317 1095 364; x_wconf 80' lang='lat' dir='ltr'>Tai</span> <span class='ocrx_word' id='word_1_24' title='bbox 1109 317 1318 384; x_wconf 85' lang='lat' dir='ltr'>disruptus</span> <span class='ocrx_word' id='word_1_25' title='bbox 1344 322 1545 387; x_wconf 84' lang='lat' dir='ltr'>voragine</span> <span class='ocrx_word' id='word_1_26' title='bbox 1560 336 1723 372; x_wconf 87' lang='lat' dir='ltr'>trecen-</span> 
     </span>
     <span class='ocr_line' id='line_1_4' title="bbox 82 383 1723 455; baseline 0.006 -24"><span class='ocrx_word' id='word_1_27' title='bbox 82 398 219 432; x_wconf 74' lang='lat' dir='ltr'>tarum</span> <span class='ocrx_word' id='word_1_28' title='bbox 234 385 484 449; x_wconf 80' lang='lat' dir='ltr'>perticarum</span> <span class='ocrx_word' id='word_1_29' title='bbox 498 383 726 448; x_wconf 83' lang='lat' dir='ltr'>profunda,</span> <span class='ocrx_word' id='word_1_30' title='bbox 740 401 795 430; x_wconf 82' lang='lat' dir='ltr'>ex</span> <span class='ocrx_word' id='word_1_31' title='bbox 810 402 895 450; x_wconf 87' lang='lat' dir='ltr'>qua</span> <span class='ocrx_word' id='word_1_32' title='bbox 912 384 1106 432; x_wconf 84' lang='lat' dir='ltr'>bitumen</span> <span class='ocrx_word' id='word_1_33' title='bbox 1124 386 1248 436; x_wconf 82' lang='lat' dir='ltr'>instar</span> <span class='ocrx_word' id='word_1_34' title='bbox 1262 388 1347 434; x_wconf 92' lang='lat' dir='ltr'>olei</span> <span class='ocrx_word' id='word_1_35' title='bbox 1358 388 1454 436; x_wconf 81' lang='lat' dir='ltr'>fluit</span> <span class='ocrx_word' id='word_1_36' title='bbox 1464 426 1475 449; x_wconf 88' lang='lat'>,</span> <span class='ocrx_word' id='word_1_37' title='bbox 1485 391 1606 455; x_wconf 90' lang='lat' dir='ltr'>quod</span> <span class='ocrx_word' id='word_1_38' title='bbox 1622 391 1723 441; x_wconf 89' lang='lat' dir='ltr'>loco</span> 
     </span>
     <span class='ocr_line' id='line_1_5' title="bbox 83 452 1119 518; baseline -0.001 -16"><span class='ocrx_word' id='word_1_39' title='bbox 83 455 169 502; x_wconf 90' lang='lat' dir='ltr'>olei</span> <span class='ocrx_word' id='word_1_40' title='bbox 186 453 403 516; x_wconf 83' lang='lat' dir='ltr'>usurpatur</span> <span class='ocrx_word' id='word_1_41' title='bbox 416 454 461 499; x_wconf 84' lang='lat'>&amp;</span> <span class='ocrx_word' id='word_1_42' title='bbox 476 452 600 517; x_wconf 79' lang='lat' dir='ltr'>gustu</span> <span class='ocrx_word' id='word_1_43' title='bbox 612 452 847 500; x_wconf 84' lang='lat' dir='ltr'>admodum</span> <span class='ocrx_word' id='word_1_44' title='bbox 863 470 1029 518; x_wconf 81' lang='lat' dir='ltr'>gratum</span> <span class='ocrx_word' id='word_1_45' title='bbox 1048 453 1119 501; x_wconf 87' lang='lat' dir='ltr'>est.</span> 
     </span>
    </p>

    <p class='ocr_par' dir='ltr' id='par_1_4' title="bbox 150 515 1519 588">
     <span class='ocr_line' id='line_1_6' title="bbox 150 515 1519 588; baseline 0.003 -19"><span class='ocrx_word' id='word_1_46' title='bbox 150 525 197 569; x_wconf 92' lang='lat' dir='ltr'>In</span> <span class='ocrx_word' id='word_1_47' title='bbox 217 521 389 569; x_wconf 82' lang='lat' dir='ltr'>Suclmen</span> <span class='ocrx_word' id='word_1_48' title='bbox 399 520 571 585; x_wconf 90' lang='lat' dir='ltr'>oppido</span> <span class='ocrx_word' id='word_1_49' title='bbox 588 523 789 588; x_wconf 75' lang='lat' dir='ltr'>Nuikiang</span> <span class='ocrx_word' id='word_1_50' title='bbox 803 523 898 570; x_wconf 89' lang='lat' dir='ltr'>fons</span> <span class='ocrx_word' id='word_1_51' title='bbox 906 522 966 569; x_wconf 90' lang='lat' dir='ltr'>est</span> <span class='ocrx_word' id='word_1_52' title='bbox 978 562 992 582; x_wconf 75' lang='lat'>,</span> <span class='ocrx_word' id='word_1_53' title='bbox 1008 524 1082 588; x_wconf 90' lang='lat' dir='ltr'>qui</span> <span class='ocrx_word' id='word_1_54' title='bbox 1099 522 1221 571; x_wconf 82' lang='lat' dir='ltr'>instar</span> <span class='ocrx_word' id='word_1_55' title='bbox 1230 515 1352 571; x_wconf 80' lang='lat' dir='ltr'>maris</span> <span class='ocrx_word' id='word_1_56' title='bbox 1362 524 1519 573; x_wconf 80' lang='lat' dir='ltr'>aestuat.</span> 
     </span>
    </p>

    <p class='ocr_par' dir='ltr' id='par_1_5' title="bbox 82 589 1719 719">
     <span class='ocr_line' id='line_1_7' title="bbox 149 589 1719 660; baseline 0.006 -24"><span class='ocrx_word' id='word_1_57' title='bbox 149 593 196 637; x_wconf 92' lang='lat' dir='ltr'>In</span> <span class='ocrx_word' id='word_1_58' title='bbox 207 590 344 639; x_wconf 71' lang='lat' dir='ltr'>Fokien</span> <span class='ocrx_word' id='word_1_59' title='bbox 355 589 471 654; x_wconf 85' lang='lat' dir='ltr'>apud</span> <span class='ocrx_word' id='word_1_60' title='bbox 484 595 543 640; x_wconf 90' lang='lat' dir='ltr'><em>H</em></span> <span class='ocrx_word' id='word_1_61' title='bbox 544 593 711 657; x_wconf 75' lang='lat' dir='ltr'>inghoam</span> <span class='ocrx_word' id='word_1_62' title='bbox 729 592 772 638; x_wconf 90' lang='lat' dir='ltr'>in</span> <span class='ocrx_word' id='word_1_63' title='bbox 787 593 1002 640; x_wconf 84' lang='lat' dir='ltr'>cacumine</span> <span class='ocrx_word' id='word_1_64' title='bbox 1017 593 1174 641; x_wconf 88' lang='lat' dir='ltr'>montis</span> <span class='ocrx_word' id='word_1_65' title='bbox 1191 597 1254 641; x_wconf 90' lang='lat' dir='ltr'><em>H</em></span> <span class='ocrx_word' id='word_1_66' title='bbox 1252 612 1369 660; x_wconf 77' lang='lat' dir='ltr'>ucung</span> <span class='ocrx_word' id='word_1_67' title='bbox 1383 607 1534 658; x_wconf 88' lang='lat' dir='ltr'>puteus</span> <span class='ocrx_word' id='word_1_68' title='bbox 1552 598 1719 659; x_wconf 87' lang='lat' dir='ltr'>pariter,</span> 
     </span>
     <span class='ocr_line' id='line_1_8' title="bbox 82 657 443 719; baseline 0 -12"><span class='ocrx_word' id='word_1_69' title='bbox 82 672 131 707; x_wconf 93' lang='lat' dir='ltr'>ut</span> <span class='ocrx_word' id='word_1_70' title='bbox 145 676 275 719; x_wconf 80' lang='lat' dir='ltr'>mare,</span> <span class='ocrx_word' id='word_1_71' title='bbox 291 657 443 708; x_wconf 81' lang='lat' dir='ltr'>aestuat.</span> 
     </span>
    </p>

    <p class='ocr_par' dir='ltr' id='par_1_6' title="bbox 82 727 1719 863">
     <span class='ocr_line' id='line_1_9' title="bbox 149 727 1719 798; baseline 0.003 -22"><span class='ocrx_word' id='word_1_72' title='bbox 149 727 283 794; x_wconf 87' lang='lat' dir='ltr'>Apud</span> <span class='ocrx_word' id='word_1_73' title='bbox 304 728 519 794; x_wconf 76' lang='lat' dir='ltr'>Ingchang</span> <span class='ocrx_word' id='word_1_74' title='bbox 537 745 661 775; x_wconf 91' lang='lat' dir='ltr'>mons</span> <span class='ocrx_word' id='word_1_75' title='bbox 688 732 799 778; x_wconf 85' lang='lat' dir='ltr'>Gailo</span> <span class='ocrx_word' id='word_1_76' title='bbox 816 728 1080 794; x_wconf 88' lang='lat' dir='ltr'>profundum</span> <span class='ocrx_word' id='word_1_77' title='bbox 1097 742 1279 796; x_wconf 85' lang='lat' dir='ltr'>puteum</span> <span class='ocrx_word' id='word_1_78' title='bbox 1289 727 1439 791; x_wconf 75' lang='lat' dir='ltr'>habet,</span> <span class='ocrx_word' id='word_1_79' title='bbox 1454 730 1576 794; x_wconf 84' lang='lat' dir='ltr'>cujus</span> <span class='ocrx_word' id='word_1_80' title='bbox 1599 750 1719 798; x_wconf 81' lang='lat' dir='ltr'>aquae</span> 
     </span>
     <span class='ocr_line' id='line_1_10' title="bbox 82 795 1638 863; baseline 0.003 -19"><span class='ocrx_word' id='word_1_81' title='bbox 82 810 216 862; x_wconf 87' lang='lat' dir='ltr'>prout</span> <span class='ocrx_word' id='word_1_82' title='bbox 225 796 315 847; x_wconf 80' lang='lat' dir='ltr'>altae</span> <span class='ocrx_word' id='word_1_83' title='bbox 323 796 390 843; x_wconf 90' lang='lat' dir='ltr'>vel</span> <span class='ocrx_word' id='word_1_84' title='bbox 400 795 596 861; x_wconf 68' lang='lat' dir='ltr'>depressae</span> <span class='ocrx_word' id='word_1_85' title='bbox 608 797 628 843; x_wconf 86' lang='lat' dir='ltr'>s</span> <span class='ocrx_word' id='word_1_86' title='bbox 624 811 716 858; x_wconf 78' lang='lat' dir='ltr'>unt,</span> <span class='ocrx_word' id='word_1_87' title='bbox 727 797 908 845; x_wconf 87' lang='lat' dir='ltr'>fertilem</span> <span class='ocrx_word' id='word_1_88' title='bbox 918 813 989 846; x_wconf 85' lang='lat' dir='ltr'>aut</span> <span class='ocrx_word' id='word_1_89' title='bbox 999 798 1180 846; x_wconf 87' lang='lat' dir='ltr'>sterilem</span> <span class='ocrx_word' id='word_1_90' title='bbox 1196 816 1351 847; x_wconf 89' lang='lat' dir='ltr'>annum</span> <span class='ocrx_word' id='word_1_91' title='bbox 1360 801 1638 863; x_wconf 82' lang='lat' dir='ltr'>portendunt.</span> 
     </span>
    </p>

    <p class='ocr_par' dir='ltr' id='par_1_7' title="bbox 150 865 1677 933">
     <span class='ocr_line' id='line_1_11' title="bbox 150 865 1677 933; baseline 0.003 -19"><span class='ocrx_word' id='word_1_92' title='bbox 150 865 286 930; x_wconf 87' lang='lat' dir='ltr'>Apud</span> <span class='ocrx_word' id='word_1_93' title='bbox 299 867 482 931; x_wconf 71' lang='lat' dir='ltr'>Inglzing</span> <span class='ocrx_word' id='word_1_94' title='bbox 501 865 596 913; x_wconf 86' lang='lat' dir='ltr'>fons</span> <span class='ocrx_word' id='word_1_95' title='bbox 609 866 786 933; x_wconf 76' lang='lat' dir='ltr'>Tieju‚id</span> <span class='ocrx_word' id='word_1_96' title='bbox 797 866 857 914; x_wconf 89' lang='lat' dir='ltr'>est</span> <span class='ocrx_word' id='word_1_97' title='bbox 866 869 1005 917; x_wconf 68' lang='lat' dir='ltr'>lafleus</span> <span class='ocrx_word' id='word_1_98' title='bbox 1023 868 1046 914; x_wconf 68' lang='grc' dir='ltr'>εὶ</span> <span class='ocrx_word' id='word_1_99' title='bbox 1060 868 1287 918; x_wconf 81' lang='lat' dir='ltr'>dulcedine</span> <span class='ocrx_word' id='word_1_100' title='bbox 1298 885 1500 933; x_wconf 83' lang='lat' dir='ltr'>aquarum</span> <span class='ocrx_word' id='word_1_101' title='bbox 1510 869 1677 919; x_wconf 73' lang='lat' dir='ltr'>dicitur.</span> 
     </span>
    </p>

    <p class='ocr_par' dir='ltr' id='par_1_8' title="bbox 82 934 1718 1119">
     <span class='ocr_line' id='line_1_12' title="bbox 149 934 1718 1004; baseline 0.003 -22"><span class='ocrx_word' id='word_1_102' title='bbox 149 934 285 1000; x_wconf 82' lang='lat' dir='ltr'>Apud</span> <span class='ocrx_word' id='word_1_103' title='bbox 298 939 341 981; x_wconf 92' lang='lat' dir='ltr'><em>V</em></span> <span class='ocrx_word' id='word_1_104' title='bbox 338 938 440 1000; x_wconf 76' lang='lat' dir='ltr'>uting</span> <span class='ocrx_word' id='word_1_105' title='bbox 448 935 543 982; x_wconf 86' lang='lat' dir='ltr'>fons</span> <span class='ocrx_word' id='word_1_106' title='bbox 560 939 774 1001; x_wconf 74' lang='lat' dir='ltr'>Hiangxui</span> <span class='ocrx_word' id='word_1_107' title='bbox 787 936 931 983; x_wconf 90' lang='lat' dir='ltr'>odoris</span> <span class='ocrx_word' id='word_1_108' title='bbox 942 939 1060 1003; x_wconf 84' lang='lat' dir='ltr'>aquis</span> <span class='ocrx_word' id='word_1_109' title='bbox 1070 940 1115 985; x_wconf 99' lang='grc'>8(</span> <span class='ocrx_word' id='word_1_110' title='bbox 1127 936 1342 984; x_wconf 83' lang='lat' dir='ltr'>medicatis</span> <span class='ocrx_word' id='word_1_111' title='bbox 1353 939 1398 985; x_wconf 91' lang='lat' dir='ltr'>in</span> <span class='ocrx_word' id='word_1_112' title='bbox 1412 954 1509 985; x_wconf 91' lang='lat' dir='ltr'>vere</span> <span class='ocrx_word' id='word_1_113' title='bbox 1523 938 1584 985; x_wconf 89' lang='lat' dir='ltr'>est</span> <span class='ocrx_word' id='word_1_114' title='bbox 1593 974 1605 998; x_wconf 82' lang='lat'>‚</span> <span class='ocrx_word' id='word_1_115' title='bbox 1627 957 1718 1004; x_wconf 92' lang='lat' dir='ltr'>quo</span> 
     </span>
     <span class='ocr_line' id='line_1_13' title="bbox 82 1002 1718 1070; baseline 0.004 -20"><span class='ocrx_word' id='word_1_116' title='bbox 82 1015 279 1068; x_wconf 81' lang='lat' dir='ltr'>tempore</span> <span class='ocrx_word' id='word_1_117' title='bbox 294 1002 443 1051; x_wconf 80' lang='lat' dir='ltr'>incolae</span> <span class='ocrx_word' id='word_1_118' title='bbox 466 1003 662 1051; x_wconf 79' lang='lat' dir='ltr'>sacrificia</span> <span class='ocrx_word' id='word_1_119' title='bbox 682 1004 792 1051; x_wconf 90' lang='lat' dir='ltr'>fonti</span> <span class='ocrx_word' id='word_1_120' title='bbox 809 1002 996 1054; x_wconf 85' lang='lat' dir='ltr'>offerunt</span> <span class='ocrx_word' id='word_1_121' title='bbox 1015 1009 1061 1055; x_wconf 88' lang='grc'>8(</span> <span class='ocrx_word' id='word_1_122' title='bbox 1084 1004 1312 1055; x_wconf 70' lang='grc' dir='ltr'>ἀεςοᾶωῐι</span> <span class='ocrx_word' id='word_1_123' title='bbox 1333 1012 1465 1070; x_wconf 63' lang='lat' dir='ltr'><em>Ory&lt;ae</em></span> <span class='ocrx_word' id='word_1_124' title='bbox 1483 1008 1585 1055; x_wconf 91' lang='lat' dir='ltr'>vino</span> <span class='ocrx_word' id='word_1_125' title='bbox 1605 1011 1718 1057; x_wconf 83' lang='lat' dir='ltr'>mix-</span> 
     </span>
     <span class='ocr_line' id='line_1_14' title="bbox 85 1070 368 1119; baseline -0.004 0"><span class='ocrx_word' id='word_1_126' title='bbox 85 1086 178 1119; x_wconf 88' lang='lat' dir='ltr'>tum</span> <span class='ocrx_word' id='word_1_127' title='bbox 199 1070 368 1118; x_wconf 88' lang='lat' dir='ltr'>bibunt.</span> 
     </span>
    </p>

    <p class='ocr_par' dir='ltr' id='par_1_9' title="bbox 146 1138 1529 1208">
     <span class='ocr_line' id='line_1_15' title="bbox 146 1138 1529 1208; baseline 0.002 -21"><span class='ocrx_word' id='word_1_128' title='bbox 146 1143 193 1188; x_wconf 91' lang='lat' dir='ltr'>In</span> <span class='ocrx_word' id='word_1_129' title='bbox 215 1146 276 1190; x_wconf 90' lang='lat' dir='ltr'><em>H</em></span> <span class='ocrx_word' id='word_1_130' title='bbox 275 1159 366 1187; x_wconf 84' lang='lat' dir='ltr'>onan</span> <span class='ocrx_word' id='word_1_131' title='bbox 383 1139 687 1205; x_wconf 78' lang='lat' dir='ltr'>pulcherrimus</span> <span class='ocrx_word' id='word_1_132' title='bbox 702 1138 797 1187; x_wconf 84' lang='lat' dir='ltr'>fons</span> <span class='ocrx_word' id='word_1_133' title='bbox 816 1141 913 1208; x_wconf 60' lang='lat' dir='ltr'>Phg</span> <span class='ocrx_word' id='word_1_134' title='bbox 926 1141 984 1188; x_wconf 89' lang='lat' dir='ltr'>est</span> <span class='ocrx_word' id='word_1_135' title='bbox 1005 1143 1050 1189; x_wconf 88' lang='grc'>8(</span> <span class='ocrx_word' id='word_1_136' title='bbox 1066 1142 1188 1205; x_wconf 83' lang='lat' dir='ltr'>juxta</span> <span class='ocrx_word' id='word_1_137' title='bbox 1201 1159 1300 1190; x_wconf 86' lang='lat' dir='ltr'>eum</span> <span class='ocrx_word' id='word_1_138' title='bbox 1314 1142 1529 1190; x_wconf 89' lang='lat' dir='ltr'>columna.</span> 
     </span>
    </p>

    <p class='ocr_par' dir='ltr' id='par_1_10' title="bbox 147 1210 1705 1277">
     <span class='ocr_line' id='line_1_16' title="bbox 147 1210 1705 1277; baseline 0.004 -21"><span class='ocrx_word' id='word_1_139' title='bbox 147 1212 194 1257; x_wconf 90' lang='lat' dir='ltr'>In</span> <span class='ocrx_word' id='word_1_140' title='bbox 217 1214 280 1258; x_wconf 91' lang='lat' dir='ltr'><em>H</em></span> <span class='ocrx_word' id='word_1_141' title='bbox 278 1229 423 1275; x_wconf 77' lang='lat' dir='ltr'>uquang</span> <span class='ocrx_word' id='word_1_142' title='bbox 434 1210 547 1274; x_wconf 82' lang='lat' dir='ltr'>apud</span> <span class='ocrx_word' id='word_1_143' title='bbox 562 1215 624 1259; x_wconf 85' lang='lat' dir='ltr'><em>H</em></span> <span class='ocrx_word' id='word_1_144' title='bbox 622 1211 805 1275; x_wconf 80' lang='lat' dir='ltr'>oangcheu</span> <span class='ocrx_word' id='word_1_145' title='bbox 823 1210 919 1258; x_wconf 89' lang='lat' dir='ltr'>fons</span> <span class='ocrx_word' id='word_1_146' title='bbox 935 1214 1055 1270; x_wconf 75' lang='lat' dir='ltr'><em>Loyu,</em></span> <span class='ocrx_word' id='word_1_147' title='bbox 1065 1229 1157 1276; x_wconf 91' lang='lat' dir='ltr'>quo</span> <span class='ocrx_word' id='word_1_148' title='bbox 1176 1211 1228 1257; x_wconf 85' lang='lat' dir='ltr'>ad</span> <span class='ocrx_word' id='word_1_149' title='bbox 1241 1225 1395 1277; x_wconf 89' lang='lat' dir='ltr'>potum</span> <span class='ocrx_word' id='word_1_150' title='bbox 1416 1210 1501 1275; x_wconf 70' lang='lat' dir='ltr'>Cha</span> <span class='ocrx_word' id='word_1_151' title='bbox 1515 1226 1705 1264; x_wconf 87' lang='lat' dir='ltr'>utuntur.</span> 
     </span>
    </p>

    <p class='ocr_par' dir='ltr' id='par_1_11' title="bbox 81 1278 1720 1413">
     <span class='ocr_line' id='line_1_17' title="bbox 147 1278 1720 1348; baseline 0.003 -23"><span class='ocrx_word' id='word_1_152' title='bbox 147 1280 192 1325; x_wconf 91' lang='lat' dir='ltr'>In</span> <span class='ocrx_word' id='word_1_153' title='bbox 209 1283 357 1326; x_wconf 80' lang='lat' dir='ltr'>Iumzan</span> <span class='ocrx_word' id='word_1_154' title='bbox 376 1296 497 1325; x_wconf 91' lang='lat' dir='ltr'>mons</span> <span class='ocrx_word' id='word_1_155' title='bbox 507 1278 822 1345; x_wconf 64' lang='lat' dir='ltr'>Xatg,fontem</span> <span class='ocrx_word' id='word_1_156' title='bbox 836 1279 1149 1346; x_wconf 85' lang='lat' dir='ltr'>frigidiffimum</span> <span class='ocrx_word' id='word_1_157' title='bbox 1165 1278 1309 1340; x_wconf 83' lang='lat' dir='ltr'>habet,</span> <span class='ocrx_word' id='word_1_158' title='bbox 1320 1280 1440 1342; x_wconf 83' lang='lat' dir='ltr'>cujus</span> <span class='ocrx_word' id='word_1_159' title='bbox 1457 1299 1576 1346; x_wconf 85' lang='lat' dir='ltr'>aquae</span> <span class='ocrx_word' id='word_1_160' title='bbox 1585 1282 1720 1348; x_wconf 82' lang='lat' dir='ltr'>poda-</span> 
     </span>
     <span class='ocr_line' id='line_1_18' title="bbox 81 1347 433 1413; baseline 0 -19"><span class='ocrx_word' id='word_1_161' title='bbox 81 1347 254 1413; x_wconf 84' lang='lat' dir='ltr'>dagram</span> <span class='ocrx_word' id='word_1_162' title='bbox 274 1360 433 1394; x_wconf 84' lang='lat' dir='ltr'>curant.</span> 
     </span>
    </p>

    <p class='ocr_par' dir='ltr' id='par_1_12' title="bbox 152 1415 1597 1483">
     <span class='ocr_line' id='line_1_19' title="bbox 152 1415 1597 1483; baseline 0.001 -19"><span class='ocrx_word' id='word_1_163' title='bbox 152 1419 203 1464; x_wconf 93' lang='lat' dir='ltr'>In</span> <span class='ocrx_word' id='word_1_164' title='bbox 228 1420 436 1483; x_wconf 73' lang='lat' dir='ltr'>Qangncm</span> <span class='ocrx_word' id='word_1_165' title='bbox 450 1416 561 1462; x_wconf 82' lang='lat' dir='ltr'>rivus</span> <span class='ocrx_word' id='word_1_166' title='bbox 581 1417 742 1465; x_wconf 85' lang='lat' dir='ltr'>Nanmo</span> <span class='ocrx_word' id='word_1_167' title='bbox 753 1455 766 1475; x_wconf 81' lang='grc'>,</span> <span class='ocrx_word' id='word_1_168' title='bbox 777 1415 954 1463; x_wconf 83' lang='lat' dir='ltr'>calidam</span> <span class='ocrx_word' id='word_1_169' title='bbox 964 1433 1116 1480; x_wconf 78' lang='lat' dir='ltr'>aquam</span> <span class='ocrx_word' id='word_1_170' title='bbox 1131 1416 1275 1464; x_wconf 89' lang='lat' dir='ltr'>fundit</span> <span class='ocrx_word' id='word_1_171' title='bbox 1289 1420 1334 1466; x_wconf 91' lang='grc'>8(</span> <span class='ocrx_word' id='word_1_172' title='bbox 1347 1418 1597 1466; x_wconf 88' lang='lat' dir='ltr'>medicatam</span> 
     </span>
    </p>

    <p class='ocr_par' dir='ltr' id='par_1_13' title="bbox 79 1483 1723 1604">
     <span class='ocr_line' id='line_1_20' title="bbox 150 1483 1723 1566; baseline 0.002 -34"><span class='ocrx_word' id='word_1_173' title='bbox 150 1486 285 1549; x_wconf 86' lang='lat' dir='ltr'>Apud</span> <span class='ocrx_word' id='word_1_174' title='bbox 309 1486 456 1551; x_wconf 73' lang='lat' dir='ltr'>Ciolzing</span> <span class='ocrx_word' id='word_1_175' title='bbox 472 1483 566 1531; x_wconf 87' lang='lat' dir='ltr'>fons</span> <span class='ocrx_word' id='word_1_176' title='bbox 584 1484 741 1532; x_wconf 85' lang='lat' dir='ltr'>calidus</span> <span class='ocrx_word' id='word_1_177' title='bbox 752 1483 825 1543; x_wconf 81' lang='lat' dir='ltr'>est,</span> <span class='ocrx_word' id='word_1_178' title='bbox 843 1486 886 1532; x_wconf 82' lang='lat' dir='ltr'>in</span> <span class='ocrx_word' id='word_1_179' title='bbox 902 1502 992 1550; x_wconf 90' lang='lat' dir='ltr'>quo</span> <span class='ocrx_word' id='word_1_180' title='bbox 1007 1485 1454 1566; x_wconf 50' lang='lat' dir='ltr'>lavant‚qui4pe&amp;oris</span> <span class='ocrx_word' id='word_1_181' title='bbox 1472 1486 1659 1553; x_wconf 82' lang='lat' dir='ltr'>angustia</span> <span class='ocrx_word' id='word_1_182' title='bbox 1675 1488 1723 1534; x_wconf 83' lang='lat' dir='ltr'>8c</span> 
     </span>
     <span class='ocr_line' id='line_1_21' title="bbox 79 1551 664 1604; baseline 0.003 -3"><span class='ocrx_word' id='word_1_183' title='bbox 79 1551 440 1602; x_wconf 67' lang='lat' dir='ltr'>obstrufflonibus</span> <span class='ocrx_word' id='word_1_184' title='bbox 459 1552 664 1604; x_wconf 82' lang='lat' dir='ltr'>laborant.</span> 
     </span>
    </p>

    <p class='ocr_par' dir='ltr' id='par_1_14' title="bbox 80 1621 1722 1758">
     <span class='ocr_line' id='line_1_22' title="bbox 149 1621 1722 1690; baseline 0.001 -19"><span class='ocrx_word' id='word_1_185' title='bbox 149 1623 285 1689; x_wconf 88' lang='lat' dir='ltr'>Apud</span> <span class='ocrx_word' id='word_1_186' title='bbox 302 1626 455 1690; x_wconf 77' lang='lat' dir='ltr'>Lingan</span> <span class='ocrx_word' id='word_1_187' title='bbox 471 1624 515 1668; x_wconf 93' lang='lat' dir='ltr'>in</span> <span class='ocrx_word' id='word_1_188' title='bbox 534 1636 682 1671; x_wconf 90' lang='lat' dir='ltr'>monte</span> <span class='ocrx_word' id='word_1_189' title='bbox 699 1625 812 1683; x_wconf 72' lang='lat' dir='ltr'>Sicu,</span> <span class='ocrx_word' id='word_1_190' title='bbox 843 1622 940 1671; x_wconf 86' lang='lat' dir='ltr'>fons</span> <span class='ocrx_word' id='word_1_191' title='bbox 950 1621 1009 1671; x_wconf 87' lang='lat' dir='ltr'>est</span> <span class='ocrx_word' id='word_1_192' title='bbox 1031 1622 1154 1686; x_wconf 86' lang='lat' dir='ltr'>cujus</span> <span class='ocrx_word' id='word_1_193' title='bbox 1170 1639 1288 1689; x_wconf 83' lang='lat' dir='ltr'>aquae</span> <span class='ocrx_word' id='word_1_194' title='bbox 1297 1636 1412 1688; x_wconf 87' lang='lat' dir='ltr'>potae</span> <span class='ocrx_word' id='word_1_195' title='bbox 1423 1640 1594 1671; x_wconf 87' lang='lat' dir='ltr'>carnem</span> <span class='ocrx_word' id='word_1_196' title='bbox 1607 1621 1722 1672; x_wconf 71' lang='lat' dir='ltr'>deal-</span> 
     </span>
     <span class='ocr_line' id='line_1_23' title="bbox 80 1692 599 1758; baseline 0 -19"><span class='ocrx_word' id='word_1_197' title='bbox 80 1693 187 1740; x_wconf 82' lang='lat' dir='ltr'>bant</span> <span class='ocrx_word' id='word_1_198' title='bbox 200 1695 246 1740; x_wconf 85' lang='grc'>8(</span> <span class='ocrx_word' id='word_1_199' title='bbox 261 1692 599 1758; x_wconf 80' lang='lat' dir='ltr'>pinguefaciunt.</span> 
     </span>
    </p>

    <p class='ocr_par' dir='ltr' id='par_1_15' title="bbox 147 1758 1591 1828">
     <span class='ocr_line' id='line_1_24' title="bbox 147 1758 1591 1828; baseline -0.001 -17"><span class='ocrx_word' id='word_1_200' title='bbox 147 1762 284 1828; x_wconf 90' lang='lat' dir='ltr'>Apud</span> <span class='ocrx_word' id='word_1_201' title='bbox 302 1764 439 1809; x_wconf 84' lang='lat' dir='ltr'>Xunte</span> <span class='ocrx_word' id='word_1_202' title='bbox 456 1763 499 1808; x_wconf 92' lang='lat' dir='ltr'>in</span> <span class='ocrx_word' id='word_1_203' title='bbox 509 1778 615 1808; x_wconf 87' lang='lat' dir='ltr'>cavo</span> <span class='ocrx_word' id='word_1_204' title='bbox 631 1775 778 1809; x_wconf 90' lang='lat' dir='ltr'>monte</span> <span class='ocrx_word' id='word_1_205' title='bbox 794 1762 924 1828; x_wconf 79' lang='lat' dir='ltr'>Tang,</span> <span class='ocrx_word' id='word_1_206' title='bbox 937 1760 981 1808; x_wconf 93' lang='lat' dir='ltr'>id</span> <span class='ocrx_word' id='word_1_207' title='bbox 995 1758 1056 1809; x_wconf 86' lang='lat' dir='ltr'>est</span> <span class='ocrx_word' id='word_1_208' title='bbox 1066 1759 1236 1819; x_wconf 73' lang='lat' dir='ltr'>Balneo,</span> <span class='ocrx_word' id='word_1_209' title='bbox 1248 1759 1383 1808; x_wconf 85' lang='lat' dir='ltr'>calida</span> <span class='ocrx_word' id='word_1_210' title='bbox 1398 1778 1508 1827; x_wconf 86' lang='lat' dir='ltr'>aqua</span> <span class='ocrx_word' id='word_1_211' title='bbox 1516 1760 1591 1810; x_wconf 75' lang='lat' dir='ltr'>est.</span> 
     </span>
    </p>

    <p class='ocr_par' dir='ltr' id='par_1_16' title="bbox 80 1827 1722 1966">
     <span class='ocr_line' id='line_1_25' title="bbox 146 1827 1722 1898; baseline 0.003 -19"><span class='ocrx_word' id='word_1_212' title='bbox 146 1830 284 1897; x_wconf 89' lang='lat' dir='ltr'>Apud</span> <span class='ocrx_word' id='word_1_213' title='bbox 301 1827 344 1893; x_wconf 71' lang='grc' dir='ltr'><em>ζ</em></span> <span class='ocrx_word' id='word_1_214' title='bbox 339 1832 418 1878; x_wconf 79' lang='lat' dir='ltr'>belo</span> <span class='ocrx_word' id='word_1_215' title='bbox 436 1832 478 1879; x_wconf 87' lang='lat' dir='ltr'>in</span> <span class='ocrx_word' id='word_1_216' title='bbox 492 1844 640 1877; x_wconf 90' lang='lat' dir='ltr'>monte</span> <span class='ocrx_word' id='word_1_217' title='bbox 659 1834 723 1878; x_wconf 85' lang='lat' dir='ltr'><em>M</em></span> <span class='ocrx_word' id='word_1_218' title='bbox 716 1833 822 1898; x_wconf 79' lang='lat' dir='ltr'>anglo</span> <span class='ocrx_word' id='word_1_219' title='bbox 840 1848 949 1896; x_wconf 87' lang='lat' dir='ltr'>aqua</span> <span class='ocrx_word' id='word_1_220' title='bbox 967 1843 1169 1880; x_wconf 86' lang='lat' dir='ltr'>venenata</span> <span class='ocrx_word' id='word_1_221' title='bbox 1187 1828 1270 1889; x_wconf 78' lang='lat' dir='ltr'>est,</span> <span class='ocrx_word' id='word_1_222' title='bbox 1292 1829 1486 1880; x_wconf 87' lang='lat' dir='ltr'>homines</span> <span class='ocrx_word' id='word_1_223' title='bbox 1503 1832 1550 1879; x_wconf 89' lang='grc'>8(</span> <span class='ocrx_word' id='word_1_224' title='bbox 1563 1847 1722 1897; x_wconf 80' lang='lat' dir='ltr'>pecora</span> 
     </span>
     <span class='ocr_line' id='line_1_26' title="bbox 80 1899 752 1966; baseline -0.001 -18"><span class='ocrx_word' id='word_1_225' title='bbox 80 1899 149 1948; x_wconf 86' lang='lat' dir='ltr'>vel</span> <span class='ocrx_word' id='word_1_226' title='bbox 171 1900 395 1949; x_wconf 89' lang='lat' dir='ltr'>minimum</span> <span class='ocrx_word' id='word_1_227' title='bbox 413 1914 518 1966; x_wconf 88' lang='lat' dir='ltr'>pota</span> <span class='ocrx_word' id='word_1_228' title='bbox 538 1899 752 1947; x_wconf 80' lang='lat' dir='ltr'>occidens.</span> 
     </span>
    </p>

    <p class='ocr_par' dir='ltr' id='par_1_17' title="bbox 143 1966 1308 2036">
     <span class='ocr_line' id='line_1_27' title="bbox 143 1966 1308 2036; baseline -0.001 -18"><span class='ocrx_word' id='word_1_229' title='bbox 143 1969 280 2036; x_wconf 88' lang='lat' dir='ltr'>Apud</span> <span class='ocrx_word' id='word_1_230' title='bbox 304 1972 338 2016; x_wconf 83' lang='grc' dir='ltr'><em>Υ</em></span> <span class='ocrx_word' id='word_1_231' title='bbox 334 1989 448 2035; x_wconf 76' lang='lat' dir='ltr'>aogan</span> <span class='ocrx_word' id='word_1_232' title='bbox 469 1969 565 2016; x_wconf 88' lang='lat' dir='ltr'>fons</span> <span class='ocrx_word' id='word_1_233' title='bbox 583 1969 700 2016; x_wconf 85' lang='lat' dir='ltr'>salsus</span> <span class='ocrx_word' id='word_1_234' title='bbox 710 1967 784 2028; x_wconf 81' lang='lat' dir='ltr'>est,</span> <span class='ocrx_word' id='word_1_235' title='bbox 797 1987 853 2015; x_wconf 88' lang='lat' dir='ltr'>ex</span> <span class='ocrx_word' id='word_1_236' title='bbox 868 1987 958 2034; x_wconf 91' lang='lat' dir='ltr'>quo</span> <span class='ocrx_word' id='word_1_237' title='bbox 968 1967 1023 2016; x_wconf 83' lang='lat' dir='ltr'>sal</span> <span class='ocrx_word' id='word_1_238' title='bbox 1038 1966 1308 2033; x_wconf 84' lang='lat' dir='ltr'>excoquitur.</span> 
     </span>
    </p>

    <p class='ocr_par' dir='ltr' id='par_1_18' title="bbox 80 2035 1721 2226">
     <span class='ocr_line' id='line_1_28' title="bbox 145 2035 1721 2106; baseline -0.001 -19"><span class='ocrx_word' id='word_1_239' title='bbox 145 2037 281 2105; x_wconf 86' lang='lat' dir='ltr'>Apud</span> <span class='ocrx_word' id='word_1_240' title='bbox 303 2039 459 2086; x_wconf 69' lang='lat' dir='ltr'>Penxui</span> <span class='ocrx_word' id='word_1_241' title='bbox 476 2039 519 2084; x_wconf 89' lang='lat' dir='ltr'>in</span> <span class='ocrx_word' id='word_1_242' title='bbox 536 2051 683 2085; x_wconf 90' lang='lat' dir='ltr'>monte</span> <span class='ocrx_word' id='word_1_243' title='bbox 704 2036 1011 2096; x_wconf 80' lang='lat' dir='ltr'>Fonien‚multae</span> <span class='ocrx_word' id='word_1_244' title='bbox 1027 2037 1172 2085; x_wconf 85' lang='lat' dir='ltr'>Salinae</span> <span class='ocrx_word' id='word_1_245' title='bbox 1190 2053 1290 2097; x_wconf 84' lang='lat' dir='ltr'>,nec</span> <span class='ocrx_word' id='word_1_246' title='bbox 1299 2052 1388 2084; x_wconf 91' lang='lat' dir='ltr'>non</span> <span class='ocrx_word' id='word_1_247' title='bbox 1403 2035 1519 2101; x_wconf 88' lang='lat' dir='ltr'>apud</span> <span class='ocrx_word' id='word_1_248' title='bbox 1530 2037 1721 2106; x_wconf 78' lang='lat' dir='ltr'>Qicheu</span> 
     </span>
     <span class='ocr_line' id='line_1_29' title="bbox 80 2105 1720 2174; baseline -0.001 -20"><span class='ocrx_word' id='word_1_249' title='bbox 80 2109 126 2155; x_wconf 88' lang='lat' dir='ltr'>in</span> <span class='ocrx_word' id='word_1_250' title='bbox 141 2106 346 2155; x_wconf 84' lang='lat' dir='ltr'>sterilibus</span> <span class='ocrx_word' id='word_1_251' title='bbox 364 2105 592 2155; x_wconf 87' lang='lat' dir='ltr'>montibus.</span> <span class='ocrx_word' id='word_1_252' title='bbox 629 2110 675 2154; x_wconf 92' lang='lat' dir='ltr'>In</span> <span class='ocrx_word' id='word_1_253' title='bbox 701 2110 915 2174; x_wconf 79' lang='lat' dir='ltr'>Hengman</span> <span class='ocrx_word' id='word_1_254' title='bbox 930 2108 1105 2172; x_wconf 86' lang='lat' dir='ltr'>triginta</span> <span class='ocrx_word' id='word_1_255' title='bbox 1120 2105 1222 2154; x_wconf 68' lang='grc' dir='ltr'>οᾶἰο</span> <span class='ocrx_word' id='word_1_256' title='bbox 1240 2105 1380 2153; x_wconf 86' lang='lat' dir='ltr'>fontes</span> <span class='ocrx_word' id='word_1_257' title='bbox 1402 2106 1449 2153; x_wconf 91' lang='grc'>8(</span> <span class='ocrx_word' id='word_1_258' title='bbox 1472 2105 1518 2152; x_wconf 91' lang='lat' dir='ltr'>in</span> <span class='ocrx_word' id='word_1_259' title='bbox 1539 2106 1720 2154; x_wconf 77' lang='lat' dir='ltr'>Nanmin</span> 
     </span>
     <span class='ocr_line' id='line_1_30' title="bbox 80 2175 507 2226; baseline -0.009 0"><span class='ocrx_word' id='word_1_260' title='bbox 80 2194 239 2226; x_wconf 87' lang='lat' dir='ltr'>novem</span> <span class='ocrx_word' id='word_1_261' title='bbox 255 2175 388 2224; x_wconf 72' lang='lat' dir='ltr'>fixlinae</span> <span class='ocrx_word' id='word_1_262' title='bbox 403 2178 507 2224; x_wconf 87' lang='lat' dir='ltr'>sunt.</span> 
     </span>
    </p>

    <p class='ocr_par' dir='ltr' id='par_1_19' title="bbox 143 2241 1300 2311">
     <span class='ocr_line' id='line_1_31' title="bbox 143 2241 1300 2311; baseline -0.004 -18"><span class='ocrx_word' id='word_1_263' title='bbox 143 2245 282 2311; x_wconf 84' lang='lat' dir='ltr'>Apud</span> <span class='ocrx_word' id='word_1_264' title='bbox 304 2244 489 2310; x_wconf 61' lang='lat' dir='ltr'>ngcheu</span> <span class='ocrx_word' id='word_1_265' title='bbox 508 2243 652 2291; x_wconf 77' lang='lat' dir='ltr'>multae</span> <span class='ocrx_word' id='word_1_266' title='bbox 670 2241 818 2290; x_wconf 72' lang='lat' dir='ltr'>Salinae</span> <span class='ocrx_word' id='word_1_267' title='bbox 835 2243 948 2290; x_wconf 89' lang='lat' dir='ltr'>unde</span> <span class='ocrx_word' id='word_1_268' title='bbox 964 2242 1017 2290; x_wconf 88' lang='lat' dir='ltr'>sal</span> <span class='ocrx_word' id='word_1_269' title='bbox 1028 2246 1300 2307; x_wconf 88' lang='lat' dir='ltr'>excoquitur.</span> 
     </span>
    </p>

    <p class='ocr_par' dir='ltr' id='par_1_20' title="bbox 83 2308 1723 2451">
     <span class='ocr_line' id='line_1_32' title="bbox 144 2308 1723 2381; baseline -0.004 -19"><span class='ocrx_word' id='word_1_270' title='bbox 144 2316 193 2362; x_wconf 89' lang='lat' dir='ltr'>ln</span> <span class='ocrx_word' id='word_1_271' title='bbox 219 2315 393 2381; x_wconf 65' lang='lat' dir='ltr'>Kiangfi</span> <span class='ocrx_word' id='word_1_272' title='bbox 407 2315 523 2380; x_wconf 89' lang='lat' dir='ltr'>apud</span> <span class='ocrx_word' id='word_1_273' title='bbox 538 2313 725 2378; x_wconf 65' lang='lat' dir='ltr'>Nankirg</span> <span class='ocrx_word' id='word_1_274' title='bbox 740 2311 835 2359; x_wconf 87' lang='lat' dir='ltr'>fons</span> <span class='ocrx_word' id='word_1_275' title='bbox 855 2315 955 2359; x_wconf 87' lang='lat' dir='ltr'>Lien</span> <span class='ocrx_word' id='word_1_276' title='bbox 973 2310 1093 2372; x_wconf 88' lang='lat' dir='ltr'>cujus</span> <span class='ocrx_word' id='word_1_277' title='bbox 1112 2328 1230 2375; x_wconf 84' lang='lat' dir='ltr'>aquae</span> <span class='ocrx_word' id='word_1_278' title='bbox 1245 2347 1257 2369; x_wconf 89' lang='lat'>‚</span> <span class='ocrx_word' id='word_1_279' title='bbox 1274 2311 1318 2357; x_wconf 91' lang='lat' dir='ltr'>in</span> <span class='ocrx_word' id='word_1_280' title='bbox 1331 2308 1518 2356; x_wconf 87' lang='lat' dir='ltr'>saliendo</span> <span class='ocrx_word' id='word_1_281' title='bbox 1530 2325 1723 2373; x_wconf 87' lang='lat' dir='ltr'>pannum</span> 
     </span>
     <span class='ocr_line' id='line_1_33' title="bbox 83 2376 1722 2451; baseline -0.004 -18"><span class='ocrx_word' id='word_1_282' title='bbox 83 2398 330 2451; x_wconf 80' lang='lat' dir='ltr'>argenteum</span> <span class='ocrx_word' id='word_1_283' title='bbox 357 2382 557 2431; x_wconf 85' lang='lat' dir='ltr'>referunt.</span> <span class='ocrx_word' id='word_1_284' title='bbox 602 2383 669 2427; x_wconf 86' lang='lat' dir='ltr'>Ex</span> <span class='ocrx_word' id='word_1_285' title='bbox 688 2382 772 2427; x_wconf 93' lang='lat' dir='ltr'>hoc</span> <span class='ocrx_word' id='word_1_286' title='bbox 803 2383 926 2427; x_wconf 83' lang='lat' dir='ltr'>fonte</span> <span class='ocrx_word' id='word_1_287' title='bbox 943 2380 1115 2446; x_wconf 83' lang='lat' dir='ltr'>triginta</span> <span class='ocrx_word' id='word_1_288' title='bbox 1132 2379 1257 2427; x_wconf 89' lang='lat' dir='ltr'>rivuli</span> <span class='ocrx_word' id='word_1_289' title='bbox 1289 2380 1510 2437; x_wconf 85' lang='lat' dir='ltr'>oriuntur,</span> <span class='ocrx_word' id='word_1_290' title='bbox 1542 2376 1722 2444; x_wconf 85' lang='lat' dir='ltr'>ejusque</span> 
     </span>
    </p>
   </div>
   <div class='ocr_carea' id='block_1_3' title="bbox 83 2449 1717 2588">
    <p class='ocr_par' dir='ltr' id='par_1_21' title="bbox 83 2449 1717 2588">
     <span class='ocr_line' id='line_1_34' title="bbox 83 2449 744 2519; baseline -0.003 -18"><span class='ocrx_word' id='word_1_291' title='bbox 83 2470 202 2519; x_wconf 82' lang='lat' dir='ltr'>aquae</span> <span class='ocrx_word' id='word_1_292' title='bbox 219 2452 496 2500; x_wconf 70' lang='lat' dir='ltr'>saluberrimae</span> <span class='ocrx_word' id='word_1_293' title='bbox 515 2449 744 2500; x_wconf 84' lang='lat' dir='ltr'>censentur.</span> 
     </span>
     <span class='ocr_line' id='line_1_35' title="bbox 147 2513 1717 2588; baseline -0.006 -18"><span class='ocrx_word' id='word_1_294' title='bbox 147 2523 281 2588; x_wconf 89' lang='lat' dir='ltr'>Apud</span> <span class='ocrx_word' id='word_1_295' title='bbox 300 2524 449 2571; x_wconf 75' lang='lat' dir='ltr'>Sintien</span> <span class='ocrx_word' id='word_1_296' title='bbox 466 2540 520 2568; x_wconf 81' lang='lat' dir='ltr'>ex</span> <span class='ocrx_word' id='word_1_297' title='bbox 531 2533 679 2568; x_wconf 85' lang='lat' dir='ltr'>monte</span> <span class='ocrx_word' id='word_1_298' title='bbox 697 2520 854 2567; x_wconf 82' lang='lat' dir='ltr'>Caimiao</span> <span class='ocrx_word' id='word_1_299' title='bbox 863 2533 973 2581; x_wconf 89' lang='lat' dir='ltr'>aqua</span> <span class='ocrx_word' id='word_1_300' title='bbox 984 2516 1098 2564; x_wconf 88' lang='lat' dir='ltr'>iridis</span> <span class='ocrx_word' id='word_1_301' title='bbox 1118 2514 1269 2582; x_wconf 81' lang='lat' dir='ltr'>specie,</span> <span class='ocrx_word' id='word_1_302' title='bbox 1279 2513 1384 2563; x_wconf 91' lang='lat' dir='ltr'>dum</span> <span class='ocrx_word' id='word_1_303' title='bbox 1395 2515 1467 2563; x_wconf 91' lang='lat' dir='ltr'>Sol</span> <span class='ocrx_word' id='word_1_304' title='bbox 1481 2514 1599 2582; x_wconf 86' lang='lat' dir='ltr'>fulge</span> <span class='ocrx_word' id='word_1_305' title='bbox 1615 2532 1717 2580; x_wconf 56' lang='lat' dir='ltr'>pro-s</span> 
     </span>
    </p>
   </div>
   <div class='ocr_carea' id='block_1_4' title="bbox 82 2587 1718 2724">
    <p class='ocr_par' dir='ltr' id='par_1_22' title="bbox 82 2587 1718 2724">
     <span class='ocr_line' id='line_1_36' title="bbox 82 2587 1718 2724; baseline -0.004 -17"><span class='ocrx_word' id='word_1_306' title='bbox 82 2587 291 2724; x_wconf 76' lang='lat' dir='ltr'>filltApud</span> <span class='ocrx_word' id='word_1_307' title='bbox 301 2663 458 2708; x_wconf 80' lang='lat' dir='ltr'>Iaocheu</span> <span class='ocrx_word' id='word_1_308' title='bbox 474 2677 596 2706; x_wconf 84' lang='lat' dir='ltr'>mons</span> <span class='ocrx_word' id='word_1_309' title='bbox 613 2666 676 2708; x_wconf 89' lang='lat' dir='ltr'><em>X</em></span> <span class='ocrx_word' id='word_1_310' title='bbox 678 2660 817 2724; x_wconf 74' lang='lat' dir='ltr'>elmng,</span> <span class='ocrx_word' id='word_1_311' title='bbox 848 2652 893 2701; x_wconf 87' lang='lat' dir='ltr'>id</span> <span class='ocrx_word' id='word_1_312' title='bbox 911 2653 971 2702; x_wconf 88' lang='lat' dir='ltr'>est</span> <span class='ocrx_word' id='word_1_313' title='bbox 988 2655 1156 2718; x_wconf 77' lang='lat' dir='ltr'>lapideus</span> <span class='ocrx_word' id='word_1_314' title='bbox 1167 2655 1245 2702; x_wconf 69' lang='lat' dir='ltr'>Iris</span> <span class='ocrx_word' id='word_1_315' title='bbox 1265 2666 1462 2715; x_wconf 84' lang='lat' dir='ltr'>vocatur,</span> <span class='ocrx_word' id='word_1_316' title='bbox 1488 2651 1611 2719; x_wconf 91' lang='lat' dir='ltr'>quod</span> <span class='ocrx_word' id='word_1_317' title='bbox 1624 2648 1718 2714; x_wconf 81' lang='lat' dir='ltr'>ejus</span> 
     </span>
    </p>
   </div>
   <div class='ocr_carea' id='block_1_5' title="bbox 85 2728 696 2795">
    <p class='ocr_par' dir='ltr' id='par_1_23' title="bbox 85 2728 696 2795">
     <span class='ocr_line' id='line_1_37' title="bbox 85 2728 696 2795; baseline 0.002 -20"><span class='ocrx_word' id='word_1_318' title='bbox 85 2744 204 2794; x_wconf 87' lang='lat' dir='ltr'>aquae</span> <span class='ocrx_word' id='word_1_319' title='bbox 222 2728 372 2778; x_wconf 87' lang='lat' dir='ltr'>iridem</span> <span class='ocrx_word' id='word_1_320' title='bbox 388 2729 696 2795; x_wconf 72' lang='lat' dir='ltr'>repraesentent.</span> 
     </span>
    </p>
   </div>
   <div class='ocr_carea' id='block_1_6' title="bbox 940 3061 1717 3112">
    <p class='ocr_par' dir='ltr' id='par_1_24' title="bbox 940 3061 1717 3112">
     <span class='ocr_line' id='line_1_38' title="bbox 940 3061 1717 3112; baseline -0.001 -1"><span class='ocrx_word' id='word_1_321' title='bbox 940 3061 1030 3111; x_wconf 73' lang='lat' dir='ltr'>ka.</span> <span class='ocrx_word' id='word_1_322' title='bbox 1594 3066 1717 3112; x_wconf 52' lang='lat' dir='ltr'>Cat-2</span> 
     </span>
    </p>
   </div>
  </div>
 </body>
</html>
