2050 3412
116 2289 147 2322 T
151 2290 251 2320 artari·

118 2340 215 2361 carum

117 2370 255 2401 foemina-

118 2422 181 2441 rum
193 2412 245 2441 ha-

117 2451 207 2483 bitus.

284 1567 465 1626 Nande,
487 1584 563 1614 nec
576 1565 749 1614 sericum
763 1584 843 1614 nec
857 1568 1100 1635 goffypium
1111 1543 1350 1633 producat:
1378 1567 1693 1652 permutatione
1703 1563 1881 1644 pellium
1901 1562 1926 1613 i

279 1637 385 1684 Sinis
401 1650 649 1684 mercantur.
683 1637 820 1703 Togis
836 1637 1033 1686 talarlbus
1050 1637 1214 1696 induti,
1231 1638 1351 1685 aretis
1364 1637 1552 1695 manicis,
1564 1653 1659 1702 quae
1667 1634 1771 1700 equi
1785 1652 1927 1702 ungu·-

277 1705 361 1753 lam
372 1706 580 1765 referunt,
594 1705 764 1754 lumbos
779 1707 867 1756 lato
881 1708 1058 1775 cingulo
1067 1706 1296 1765 ambiente,
1309 1705 1426 1755 unde
1439 1705 1531 1754 duo
1540 1703 1777 1782 strophiola
1786 1703 1928 1772 gossy-

279 1777 382 1841 pina
399 1778 443 1824 8(
460 1776 513 1823 ad
529 1774 635 1823 latus
650 1775 783 1825 culter
792 1796 842 1825 ac
858 1777 949 1826 duo
969 1776 1174 1844 marsupia
1190 1775 1396 1841 pendent,
1410 1774 1585 1834 tabaco,
1606 1773 1726 1853 cujus
1742 1773 1927 1822 avidiffia

277 1847 362 1906 mi,
391 1846 436 1892 &
453 1846 543 1893 aliis
565 1846 753 1893 minutiis
770 1847 1061 1896 recondendis.
1105 1847 1303 1911 Hospites
1325 1846 1461 1894 tabaci
1481 1843 1651 1894 fistula
1637 1862 1661 1891 a
1675 1843 1871 1893 famulis*
1860 1861 1928 1893 in·-

278 1914 399 1963 censa
412 1917 653 1980 excipiunt,
664 1916 716 1963 ad
728 1916 876 1965 laevam
887 1915 1268 1982 acinaces,cuspide
1280 1914 1530 1974 antrorsum,
1542 1914 1769 1962 manubrio
1777 1913 1830 1961 ad
1841 1927 1926 1963 ter-

280 2001 385 2050 gum
400 1984 566 2031 reflexo
579 2001 737 2048 ,quem
752 1987 872 2050 equis
891 1986 1115 2034 insidentes
1136 1984 1287 2032 dextra
1302 1998 1503 2050 prompte
1517 1982 1615 2049 post
1623 1982 1808 2049 scapulas
1826 2000 1927 2031 eva-

281 2055 441 2119 ginant.
476 2052 632 2100 AEstate
647 2052 707 2099 ob
721 2053 906 2101 calorem
919 2073 975 2102 ex
991 2054 1208 2112 stramine,
1227 2068 1300 2099 aut
1319 2053 1523 2101 arundine
1533 2051 1669 2117 pileos
1686 2053 1841 2117 hyeme
1858 2069 1927 2100 ca-

283 2122 388 2187 pitia
403 2119 572 2168 auribus
587 2122 696 2169 arcte
716 2121 936 2170 insidentia
952 2125 998 2170 8(
1013 2122 1196 2201 pellibus
1211 2121 1444 2171 Zabellinis
1454 2120 1620 2170 suffulta
1624 2121 1929 2182 ,rubrolinteo‚

283 2204 356 2238 aut
371 2190 517 2248 serico,
528 2190 593 2238 vel
605 2193 733 2257 nigris
750 2207 822 2238 aut
842 2194 1063 2259 purpureis
1073 2209 1288 2257 equorum
1299 2193 1391 2240 setis
1408 2192 1573 2251 vestita,
1588 2189 1763 2258 gestant.

352 2260 385 2306 F
387 2260 556 2307 oeminae
570 2262 756 2309 Tartarae
767 2262 893 2326 nigris
905 2264 945 2308 in
959 2261 1198 2309 universum
1216 2261 1397 2310 vestibus
1410 2299 1422 2322 ,
1432 2264 1478 2311 &
1492 2261 1599 2309 laxis
1610 2263 1824 2326 Europaeo
1833 2277 1929 2308 mo-

283 2347 341 2377 re.
374 2328 523 2377 Media
538 2343 586 2377 ut
594 2328 750 2395 opibus
762 2369 774 2391 ,
791 2333 847 2377 ita
859 2330 1011 2379 vestitu
1029 2332 1184 2378 sericeo
1196 2330 1374 2396 reliquas
1389 2329 1592 2390 excellit3
1615 2347 1713 2395 quae
1729 2328 1930 2396 goffypio

284 2396 534 2447 vestiuntur.
575 2399 769 2464 Capillos
794 2399 1018 2448 artificiose
1034 2414 1338 2466 componunt:
1365 2400 1516 2449 divites
1537 2402 1583 2449 &
1601 2402 1857 2475 Magnarum
1873 2396 1929 2444 ad

286 2480 481 2531 tempora
499 2469 817 2546 propendentes
833 2471 992 2536 vaginis
1015 2469 1189 2534 quidam
1205 2469 1458 2529 includunt3
1492 2468 1724 2534 superiores
1741 2467 1926 2514 cincinni

286 2535 418 2584 libere
441 2554 517 2601 per
546 2539 745 2585 verticem
766 2538 959 2597 jucundo
981 2537 1219 2605 spe&aculo
1248 2511 1466 2603 vagantur.
1509 2538 1722 2601 Principes
1739 2534 1929 2584 foeminae

286 2605 454 2652 mitellis
475 2621 605 2670 caput
638 2608 831 2655 redimut
837 2623 889 2655 t:
926 2606 1192 2656 tenuioribus
1211 2608 1388 2674 capillos
1418 2606 1583 2656 densius
1616 2603 1900 2671 ple&entibus
1912 2643 1929 2666 ‚

286 2673 401 2721 unde
426 2688 566 2723 tamen
586 2674 764 2742 desuper
785 2679 1003 2737 cincinni,
1034 2676 1205 2724 inferius
1229 2695 1364 2726 cornae
1388 2677 1549 2744 vaginis
1576 2674 1742 2723 inclusae
1767 2672 1930 2740 depen-

285 2745 401 2790 dent.

353 2811 514 2860 Milites
535 2815 864 2863 Tartaricasiide
882 2814 1159 2873 ferrea,vultu
1174 2813 1322 2874 nudo,
1353 2813 1486 2861 cauda
1503 2815 1660 2878 equina
1680 2811 1927 2880 dependen-

287 2892 353 2939 te,
382 2881 554 2930 thorace
572 2901 627 2930 ex
654 2885 796 2932 multis
818 2883 980 2932 lamims
1001 2883 1124 2932 instar
1138 2884 1393 2931 Chorsarum
1407 2882 1655 2930 Parthorum
1666 2880 1929 2949 composito,

287 2949 430 2994 unde
422 2965 529 2998 mter
549 2953 853 3018 equitandum
846 2971 992 3020 ingens
1010 2953 1151 3019 fragor
1171 2954 1217 3000 &
1245 2951 1408 3000 collisio
1430 2952 1560 3016 longe
1579 2952 1779 3013 auditur,
1809 2950 1927 3012 cujus

287 3019 414 3064 etiam
432 3022 654 3085 Prophetae
677 3023 891 3070 Persarum
904 3025 1144 3087 equitatum
1160 3021 1446 3069 &Medorum
1458 3020 1764 3082 descnbentes
1780 3019 1927 3068 merni-

286 3093 997 3159 nerunt.Arn1a‚arcus,phar,etra
1005 3091 1184 3158 sagittae,
1209 3091 1423 3138 acinaces:
1445 3090 1927 3139 bombardisnonutun-

1841 3169 1920 3205 tur.
