2050 3412
118 1421 257 1459 Xaobauus

118 1464 254 1496 octavus.

122 2888 246 2925 Kieulzm

121 2927 243 2971 plebem
262 2971 264 2973 Ι

119 2968 157 2999 ad
169 2967 266 2999 idolo-

117 3009 234 3040 limiam

119 3049 263 3081 hortatur.
285 3068 294 3077 ·

283 151 304 190 1
316 143 384 190 28
635 123 775 183 Pars
793 121 962 185 ulzinm
982 121 1268 205 Legationia
1292 123 1552 183 Bata-vica?

280 243 358 292 per
373 224 466 272 suos
478 219 697 271 Praefefflos
708 220 856 269 docuit
871 245 883 281 3
914 221 1172 289 arboresque
1184 222 1227 268 in
1239 220 1441 273 naviculae
1451 219 1631 270 formam
1641 234 1862 274 excavatas
1877 225 1932 279 ad

281 295 460 343 flumina
472 291 631 352 majora
649 290 919 353 trajicienda,
937 290 1060 340 undis
1071 290 1272 350 credidit,
1290 291 1526 338 minoribus
1537 290 1677 338 fluviis
1689 303 1823 358 ponte
1834 291 1932 355 jun.

280 364 367 412 fiis.
404 363 476 411 Ad
487 363 743 418 commercia
751 359 908 410 deinde
918 360 1195 428 provehenda
1206 378 1402 407 nummos
1414 359 1534 408 cudit
1547 378 1602 408 ex
1614 380 1693 409 aere
1704 388 1717 418 ,·
1730 361 1783 413 ad
1791 378 1934 414 arcen-

282 433 380 482 dam
402 450 505 480 vero
521 434 608 478 vim
628 430 837 489 hostium,
864 447 977 479 arma
993 431 1038 476 &
1051 429 1222 477 bellicas
1237 444 1342 477 artes
1367 447 1456 476 non
1467 429 1602 478 modo
1621 431 1841 498 praeceptis
1851 446 1935 481 tra-

283 504 408 562 didit,
418 501 488 550 sed
504 504 547 549 in
565 501 686 549 usum
697 502 824 549 etiam
835 499 1055 567 perduxit.
1091 502 1152 546 Ita
1176 517 1280 566 pace
1294 497 1501 564 belloque
1511 500 1741 566 providens
1751 502 1935 566 Impera.

285 588 354 621 tor
373 574 416 619 in
430 587 610 637 utraque
626 570 892 636 Reipublicae
909 569 1081 618 fortuna
1091 568 1492 617 civiumcommodis
1511 587 1558 616 ac
1569 568 1687 617 saluti
1706 569 1931 624 consuluit.

282 641 481 691 Miraculi
502 641 684 706 speciem
700 638 848 697 habet,
866 638 989 706 quod
1008 638 1208 704 sequitur.
1244 641 1293 686 ln
1308 637 1398 700 ejus
1411 638 1554 704 palatii
1573 639 1683 686 atrio
1701 639 1936 693 herbacre-

282 712 382 762 viss'e
397 711 552 771 fertur,
565 711 687 768 cuius
702 726 751 755 ea
768 712 826 756 vis
851 712 895 757 &
908 709 1150 774 ingenium,
1166 706 1275 767 ut,fi
1290 710 1383 772 quis
1394 706 1616 773 improbus
1626 711 1786 776 regiam
1795 710 1937 776 ingre-

282 781 474 838 deretur,
485 779 708 828 confestim
724 780 767 826 in
782 779 1039 838 venientem,
1053 796 1190 843 prona
1205 776 1329 824 instar
1340 777 1613 843 heliotropii,
1626 778 1938 832 seobverteret.

283 849 422 908 Qod
438 867 611 917 germen
636 849 666 896 si
682 849 828 915 passim
845 850 886 894 in
905 847 1039 895 hortis
1049 862 1121 895 aut
1130 849 1241 894 atriis
1251 849 1506 914 Magnatum
1515 847 1739 909 cresceret,
1771 861 1938 915 quanto

282 920 423 987 plures
435 918 539 967 aulis
555 918 827 977 abstinerent,
839 919 914 983 qui
927 935 1040 965 nunc
1055 916 1281 965 latentium
1292 915 1494 965 scelerum
1509 917 1639 964 securi
1656 954 1668 978 ,
1689 916 1937 980 hujusmodi

279 990 525 1057 proditores
536 1007 623 1036 non
635 990 785 1036 timent
798 993 814 1035 ?

351 1063 558 1108 Ceterum
578 1063 637 1108 H
639 1062 806 1125 oasggtius
821 1076 952 1106 mares
961 1058 1111 1124 genuit
1122 1058 1270 1123 viginti
1281 1059 1489 1126 quinque,
1497 1055 1552 1104 de
1562 1055 1718 1123 quibus
1729 1071 1937 1123 quatuor·-

279 1129 419 1178 decim
428 1127 650 1182 contraEiO
668 1130 944 1177 matrimonio
953 1127 1094 1193 plures
1110 1127 1170 1175 illi
1186 1143 1366 1192 nepotes
1382 1140 1657 1193 procrearunt
1667 1165 1680 1187 ,
1695 1144 1803 1195 quos
1814 1129 1938 1178 vivus

279 1199 456 1265 aspexit.
491 1200 599 1244 Sinae
616 1198 798 1245 afferunt
812 1214 1143 1262 nunquameum
1153 1195 1271 1244 fuiss'e
1287 1210 1528 1254 mortuum,
1553 1196 1681 1245 sedin
1693 1213 1937 1244 eorumcae-

282 1284 377 1316 tum
392 1268 648 1332 assumptum
665 1304 678 1326 ,
705 1284 816 1331 quos
836 1277 899 1319 X
901 1268 1017 1331 infien
1032 1265 1264 1331 appellant.
1300 1270 1392 1314 Hos
1414 1268 1457 1313 in
1472 1264 1584 1330 jugis
1600 1266 1936 1318 montiumsum-

284 1340 363 1385 mis
378 1337 672 1401 voluptatibus
684 1353 831 1383 vacare
846 1335 1017 1401 fingunt
1028 1335 1347 1383 immortalitate
1362 1334 1557 1382 donatos

350 1415 415 1459 X
417 1408 577 1454 aohauus
607 1407 727 1452 omni
751 1406 958 1453 virtutum
990 1420 1146 1471 genere
1175 1406 1221 1452 8<
1254 1404 1448 1469 praeclara
1472 1402 1619 1454 indole
1643 1402 1814 1471 insignis
1836 1443 1852 1466 ,
1882 1406 1940 1456 ab

287 1482 352 1528 H
349 1480 494 1543 oangtio
506 1488 624 1540 patre
638 1476 869 1540 Imperium
880 1492 957 1540 per
966 1490 1113 1524 manus
1124 1475 1302 1539 accepit.
1341 1474 1501 1521 Primus
1512 1492 1566 1521 ex
1579 1473 1911 1541 Imperatoribus
1922 1510 1939 1536 ,

281 1544 582 1594 Praefe&orum
608 1544 760 1611 gradus
778 1546 825 1592 &
840 1544 1069 1609 dignitates
1086 1560 1163 1608 per
1178 1545 1289 1590 varia
1305 1544 1529 1591 volucrum
1538 1560 1696 1610 genera
1710 1544 1757 1591 &
1771 1543 1941 1595 colores

280 1615 485 1664 distinxit.
522 1616 705 1679 Qlippe
725 1613 888 1680 semper
904 1615 961 1661 ita
977 1611 1174 1661 habitum
1188 1612 1248 1660 est
1257 1613 1373 1678 apud
1388 1612 1496 1660 hanc
1507 1626 1681 1680 gentem
1694 1650 1708 1673 ‚
1729 1617 1941 1677 muneris,

278 1686 401 1753 quod
413 1684 509 1732 obit
519 1720 532 1743 ,
540 1684 719 1749 gradum
734 1683 777 1730 in
789 1683 903 1731 veste
914 1681 1148 1731 ostendere.
1192 1683 1306 1730 Hinc
1323 1695 1421 1730 ante
1442 1683 1487 1730 &
1504 1696 1619 1730 retro
1629 1681 1847 1735 volucrem
1864 1698 1942 1733 aut

279 1755 395 1805 aliud
419 1753 494 1801 sibi
519 1753 744 1819 proprium
776 1751 938 1820 insigne
949 1770 1055 1801 auro
1075 1750 1285 1818 byssoque
1302 1769 1381 1812 aqu
1396 1752 1578 1818 phrygia
1591 1750 1756 1817 pietum
1773 1753 1939 1802 thoraci

279 1826 443 1874 assuunt
453 1861 466 1884 ,
485 1821 605 1884 cujus
624 1821 795 1888 aspeEtu
808 1822 964 1870 obvius
972 1820 1157 1889 quisque
1169 1836 1422 1882 moneatur,
1448 1838 1579 1887 quem
1588 1823 1612 1869 ὲ
1623 1840 1782 1871 novem
1796 1823 1940 1873 hono-

279 1912 374 1944 rum
387 1892 586 1960 gradibus
606 1891 896 1958 magistratum
910 1891 1121 1941 obtinent.
1160 1893 1316 1956 Neque
1326 1909 1409 1938 una
1420 1890 1620 1938 omnibus
1640 1891 1813 1942 suorum
1827 1893 1940 1958 sym·

279 1961 483 2010 bolorum
499 1963 689 2008 materies
713 1962 807 2011 fuit.
859 1963 893 2008 li
909 1963 1024 2009 enim
1035 1998 1048 2020 7
1078 1963 1199 2025 queis
1225 1959 1481 2024 praefesturae
1503 1959 1647 2007 civiles
1669 1959 1914 2029 obtigerant
1926 2000 1940 2024 ‚

280 2049 390 2096 quos
407 2044 654 2094 nuncupant
666 2029 963 2094 Philosophos‚
974 2047 1055 2095 pro
1069 2028 1299 2094 insignibus
1315 2029 1476 2094 semper
1487 2046 1580 2078 aves
1592 2027 1778 2081 habuere
1791 2054 1804 2091 3
1824 2031 1941 2084 mili-

280 2116 386 2148 tares
399 2117 500 2147 vero
511 2117 593 2165 pne
599 2098 697 2147 festi
707 2117 755 2147 ac
765 2097 925 2147 tribuni
935 2097 1160 2160 volucrum
1171 2098 1286 2158 loco,
1295 2099 1722 2160 DraconeS,LeoneS‚
1739 2098 1940 2168 Tigrides

283 2173 329 2219 8<
347 2170 441 2217 alias
461 2168 671 2230 ejusmodi
687 2168 894 2215 ferociam
927 2169 1152 2216 militarem
1176 2170 1397 2216 innuentes
1430 2166 1591 2216 belluas
1615 2166 1692 2216 fibi
1715 2168 1942 2229 affluxisse,

283 2238 503 2305 pulchrius
522 2239 742 2304 putabant.
779 2241 947 2285 Omnes
963 2253 1104 2286 tamen
1126 2237 1283 2289 eodem
1301 2237 1509 2302 speciant,
1542 2253 1591 2284 ut
1610 2254 1667 2285 ex
1683 2237 1772 2288 hoc
1788 2238 1944 2292 habitu

284 2326 373 2356 non
385 2308 535 2375 gradus
547 2306 683 2355 modo
696 2347 710 2366 ‚
732 2306 802 2355 scd
821 2307 949 2355 etiam
967 2305 1164 2354 conditio
1173 2324 1222 2353 ac
1234 2307 1451 2374 dignitatis
1466 2323 1598 2371 genus
1611 2308 1656 2356 in
1665 2324 1847 2374 quoque
1857 2327 1944 2359 no-

284 2379 431 2426 scatur.
468 2380 582 2424 Aves
599 2392 742 2425 autem
758 2381 819 2426 H
819 2379 955 2425 aohuus
973 2377 1120 2424 ceteris
1134 2374 1418 2424 animantibus
1428 2372 1590 2425 idcirco
1597 2375 1940 2444 praetulit‚quod

284 2445 360 2494 sub
375 2446 544 2494 initium
557 2448 729 2512 Imperii
741 2445 848 2493 Solis
864 2449 948 2493 avis
960 2446 1172 2512 apparuit,
1180 2444 1303 2505 cujus
1317 2444 1509 2493 adventu
1520 2444 1771 2506 felici-tatem
1779 2448 1940 2517 Regno

282 2514 482 2581 portendi
505 2514 641 2581 vulgo
656 2514 912 2563 existimant.
948 2514 1084 2573 de
1103 2513 1325 2564 sihaecavis
1334 2514 1410 2564 diu
1421 2531 1511 2564 non
1519 2513 1570 2563 fit
1588 2513 1671 2563 visa
1683 2515 1940 2581 ‚Imperato-

283 2587 352 2632 riae
370 2584 539 2632 familiae
562 2584 780 2634 interitum
801 2586 845 2631 &
867 2584 1036 2632 futuros
1054 2582 1268 2631 bellorum
1278 2598 1422 2631 motus
1431 2585 1687 2633 ominamur.
1721 2587 1942 2643 Qaenam

286 2671 389 2702 vero
400 2653 449 2702 fit
459 2653 547 2700 haec
556 2656 659 2713 avis,
672 2671 760 2701 non
772 2655 920 2719 liquet.
954 2652 1106 2702 forma
1118 2690 1131 2713 ,
1153 2670 1240 2717 qua
1253 2671 1345 2704 eam
1363 2655 1569 2718 pingunt,
1596 2651 1942 2717 aquilamcrede.

283 2741 345 2771 res
361 2759 373 2781 ,
406 2722 482 2770 nisi
492 2722 735 2788 plumarum
745 2725 848 2772 mira
856 2724 902 2771 δε
912 2720 1098 2770 dilcolor
1108 2724 1281 2770 varietas
1290 2721 1485 2775 obstaret.
1524 2722 1779 2774 Phoenicem
1789 2736 1839 2772 ut
1845 2723 1935 2776 effe

285 2792 579 2856 suspicer,cius
589 2794 729 2840 raritas
741 2791 978 2858 persuadet,
986 2792 1094 2840 Sinae
1107 2793 1308 2858 Fughoang
1323 2804 1490 2839 vocant.

357 2859 586 2927 Postquam
605 2863 833 2927 imperium
851 2859 993 2909 multis
1005 2861 1377 2911 annissanfflffime
1395 2857 1566 2915 habuit,
1580 2858 1774 2920 cumjam
1789 2860 1851 2908 ob
1864 2859 1942 2911 deq'

288 2929 493 2993 crepitam
509 2944 676 2979 aetatem
686 2932 831 2996 Regni
842 2931 967 2977 rebus
983 2930 1120 2981 minus
1138 2928 1366 2997 providere
1376 2928 1526 2995 poss'et5
1539 2929 1722 2990 Kieulius
1732 2929 1940 2996 impostor

287 2998 460 3062 magicis
478 2998 636 3047 artibus
647 3001 694 3047 &
710 2999 922 3047 lemurum
935 2997 1281 3065 speEtrorumque
1304 3010 1463 3051 terrore
1474 2998 1497 3048 a
1512 2998 1697 3046 veritatis
1707 3000 1873 3055 tramite
1884 2998 1940 3048 ad

284 3065 459 3114 infanda
469 3065 665 3116 sacrificia
679 3071 890 3121 incautam
915 3067 1088 3135 plebem
1112 3066 1294 3120 adduxit
1308 3103 1324 3126 2
1355 3068 1551 3121 omnium
1567 3067 1655 3117 fere
1665 3067 1940 3119 animisfoeda

1794 3135 1919 3202 super
1920 3166 1941 3204 τ
