2094 3422
1637 182 1731 234 167

476 290 749 369 PARS
828 292 1304 380 QUARTA

60 444 1725 596 LEGATIONIS

332 646 1450 746 BATAVICAE

846 817 974 863 AD

220 933 634 1038 Magnum
661 933 1073 1016 Tartariae
1111 1000 1128 1028 ,
1162 938 1557 1044 Sinaeque

111 1090 1669 1224 CHAMUM„

801 1283 897 1332 QZ)

155 1381 381 1467 Qditum
402 1384 667 1470 Pekinga
687 1435 705 1461 ,
723 1385 1126 1469 Nankingum
1144 1391 1215 1445 (φ
1230 1386 1334 1449 inde
1352 1390 1624 1451 Pataviam

635 1481 792 1564 JaVae
810 1481 1132 1563 complefilitur.

529 1654 579 1698 Ix
600 1654 751 1718 Legati
770 1651 903 1700 literas
916 1656 1059 1719 Magni
1073 1649 1209 1716 [hami
1229 1667 1498 1720 acceperant,
1518 1674 1615 1704 cum
1626 1659 1719 1706 De—

281 1718 347 1779 J-2
359 1739 401 1783 ’ἐ
507 1726 510 1729 ’
527 1723 664 1786 putati
684 1720 898 1769 disceffum
918 1740 1068 1770 eorum
1088 1722 1288 1771 instanter
1307 1739 1506 1790 urgerent
1523 1760 1536 1780 ,
1557 1731 1662 1774 moris
1681 1733 1718 1775 in

450 1801 469 1822 ἑ
530 1792 623 1837 Sina
639 1790 709 1855 effe
732 1791 1006 1857 perhibentes
1026 1831 1040 1852 ,
1062 1806 1110 1840 ut
1132 1792 1225 1858 post
1242 1793 1449 1841 exhibitas
1468 1794 1602 1843 literas
1612 1795 1719 1844 ultra

309 1889 336 1919 μ
364 1910 381 1926 ὲ
394 1862 467 1928 ζ
510 1856 514 1861 ’
527 1859 743 1907 bihorium
755 1863 796 1907 in
808 1860 913 1908 urbe
923 1864 1195 1926 Imperatoria
1214 1880 1345 1910 nemo
1358 1866 1617 1929 Legatorum
1629 1883 1720 1912 mo-

290 1922 297 1941 *
316 1922 326 1937 “
397 1936 439 1978 ·“,““Ξ
450 1929 475 1981 ζ
509 1965 515 1992 4
528 1942 687 1978 raretur
706 1966 717 1989 ,
749 1928 825 1976 nisi
844 1933 936 1996 quis
952 1949 1120 1997 gravem
1139 1931 1345 1979 offensam
1365 1934 1575 1980 incurrere
1591 1934 1695 1982 velit
1707 1974 1716 1982 .

341 2002 350 2005 ”
407 1998 435 2018 “”
527 2002 589 2046 Ita
609 1997 703 2064 post
724 2014 915 2065 acceptas
933 1999 1067 2048 literas
1086 2000 1191 2048 urbe
1211 2004 1485 2067 Imperatoria
1497 2003 1636 2069 Pekioeg
1647 2023 1720 2051 ex-

475 2067 507 2075 p.

298 2066 317 2069 “
345 2075 347 2077 ’
394 2083 417 2100 ²}
440 2086 481 2100 ·--·
527 2067 679 2116 cedere
699 2068 856 2128 coacti,
879 2068 1037 2117 nullam
1061 2072 1242 2117 omnino
1253 2069 1517 2118 occasionem
1532 2073 1720 2140 neglexi-

55 2154 148 2185 mus
157 2139 366 2186 ambitum
379 2140 490 2204 ejus,
504 2141 549 2187 &
572 2136 800 2204 posituram
813 2175 824 2197 ‚
851 2156 898 2185 ac
918 2137 948 2185 si
963 2140 1070 2205 quid
1089 2142 1166 2187 rari
1187 2142 1402 2199 continet,
1418 2140 1714 2205 perlustrandi3

57 2211 247 2272 quamvis
259 2222 356 2256 toto
366 2207 586 2256 mansionis
596 2206 742 2254 nostrae
755 2221 948 2273 tempore
959 2243 972 2263 ,
992 2207 1109 2256 velut
1116 2209 1347 2256 carceribus
1365 2210 1617 2272 quibusdam
1637 2211 1717 2257 do-

55 2276 229 2325 mesticis
239 2275 425 2324 conclusi
436 2313 448 2335 ,
459 2295 512 2324 ne
524 2274 647 2323 semel
659 2276 834 2340 quidem
850 2278 979 2324 animi
997 2276 1237 2324 oblectandi
1252 2295 1355 2344 ergo
1367 2277 1496 2324 libera
1511 2277 1718 2325 deambu-

55 2345 156 2393 latio
167 2347 356 2395 concessa
376 2348 485 2405 fuit3
506 2362 751 2411 quanquam
771 2343 826 2391 ab
845 2347 1106 2410 Imperatore
1127 2348 1293 2411 optime
1312 2348 1357 2393 &
1381 2345 1718 2395 sufficientissime

56 2413 178 2463 nobis
187 2416 386 2465 omnibus
394 2415 516 2464 rebus
527 2413 752 2462 necessariis
763 2415 932 2461 interim
946 2413 1267 2479 prospiceretur,
1283 2417 1328 2462 8<
1341 2415 1432 2480 post
1443 2415 1629 2463 habitam
1644 2434 1718 2464 au-

56 2484 256 2533 dientiam
269 2523 280 2545 ,
296 2484 513 2552 duplicem
532 2483 765 2532 mensuram
776 2483 1018 2531 victualium
1031 2483 1175 2541 nobis,
1189 2485 1310 2548 quod
1322 2502 1413 2531 raro
1423 2488 1576 2533 exteris
1585 2489 1719 2551 Lega-

56 2554 106 2599 tis
124 2557 357 2621 contingit,
377 2556 652 2622 assignarunt,
676 2571 731 2599 eo
749 2551 990 2620 diligentius
1007 2552 1136 2600 multa
1149 2590 1161 2612 ,
1181 2554 1284 2600 dum
1305 2552 1466 2601 solenni
1485 2573 1646 2621 pompa
1664 2554 1719 2602 ad

57 2621 214 2670 Aulam
226 2624 557 2683 deducebamur,
571 2622 665 2681 visa,
675 2621 893 2669 observata
903 2656 917 2676 ,
939 2624 984 2669 &
993 2621 1186 2669 sciscitata
1196 2621 1300 2669 funt.

124 2691 297 2740 Familia
312 2693 688 2758 Cl2e1›;{1mperante
700 2690 796 2738 urbs
805 2691 948 2756 Peking
961 2691 1190 2739 vocabatur
1203 2694 1278 2739 Seu
1292 2726 1304 2746 ,
1321 2690 1394 2738 sub
1408 2687 1518 2753 sitm,
1530 2700 1593 2743 X
1592 2695 1721 2758 angko,
1758 2700 1874 2757 Desffljffss

56 2758 133 2806 sub
150 2763 209 2807 H
208 2779 278 2807 ana
298 2795 311 2816 ,
338 2766 574 2828 Qvigyang.
615 2761 706 2808 Sub
726 2763 818 2824 Cyna
837 2760 944 2808 dicta
962 2761 1044 2809 fuit
1065 2760 1256 2825 Tssmyang.
1297 2763 1495 2807 Demum
1518 2761 1721 2827 Taimingae
1737 2743 1891 2825 {razius

58 2828 176 2894 stirps
193 2828 314 2893 pulsis
332 2832 517 2879 Tartaris
539 2827 681 2896 'Pekmg
704 2832 884 2877 vocavit.
919 2829 1056 2893 quue
1066 2847 1178 2876 nunc
1189 2830 1333 2883 durat,
1345 2832 1389 2876 &
1404 2832 1722 2895 Septentriona—

59 2895 144 2943 lem
168 2898 448 2962 Metropolim
470 2919 517 2948 ac
540 2900 677 2948 aulam
697 2936 710 2958 ,
728 2898 831 2946 sicut
856 2899 1069 2965 Nanglzing
1093 2897 1332 2945 Australem
1354 2913 1494 2946 notat.
1537 2905 1602 2950 X
1601 2905 1722 2947 untien

62 2967 85 3012 a
98 2967 368 3033 Gcographis
379 2970 523 3016 Sinicis
534 2984 709 3017 vocatur
718 3002 731 3023 2
753 2967 871 3033 quod
883 2967 996 3014 coelo
1006 2967 1211 3015 obediens
1222 2965 1279 3014 fit.
1315 2970 1499 3015 Tartaris
1520 2969 1728 3031 Kambaln‚

63 3034 106 3080 id
119 3033 177 3082 est
189 3070 201 3093 ,
213 3034 378 3083 domini
393 3039 535 3085 civitas
546 3038 698 3086 dicitur
707 3074 719 3097 ,
735 3037 867 3105 gradu
880 3035 1108 3085 latitudinis
1121 3038 1299 3084 Boream
1314 3036 1448 3085 versus
1459 3037 1722 3106 quadragesi-

64 3120 162 3164 mo,
182 3104 298 3153 haud
319 3103 449 3173 longe
471 3124 592 3154 muro
614 3107 760 3155 dissita.
1464 3113 1466 3115 ’

1491 3173 1728 3223 Australem
