2114 3412
334 181 400 242 ad
408 182 722 266 Magnum
736 178 991 242 Tartariae
1007 185 1229 267 Sinae‘que
1249 185 1291 245 C
1289 181 1496 245 hamum.
1672 198 1735 260 63

96 284 231 335 modo
246 286 444 333 alimenta
459 285 504 330 8(
519 283 758 348 potulenta,
776 301 923 330 verum
937 285 1064 331 etiam
1086 300 1238 349 equos,
1250 285 1364 333 sellas
1384 284 1648 351 gestatorias5
1664 285 1741 335 ba-

96 354 223 419 julos,
237 372 283 402 ac
293 371 434 412 naves,
447 351 627 416 publicis
644 351 856 416 expensiS,
875 354 1104 417 reperiunt.

165 426 258 471 Nec
273 425 410 469 minus
433 421 569 467 nitide
584 422 692 485 ripas
711 420 944 467 fluviorum
963 439 1010 467 ac
1026 419 1215 486 publicas
1230 421 1312 467 vias
1329 420 1586 472 custodiunt.
1620 424 1740 474 Οᾶο

98 491 152 540 ab
177 508 283 555 aqua
308 489 488 556 pedibus
515 489 642 536 nullae
666 489 898 537 tolerantur
931 483 1128 548 arbores,
1161 503 1234 536 aut
1266 507 1359 553 quae
1383 491 1740 555 impedimentum

97 559 285 626 praebere
306 559 478 624 possunt
489 557 687 617 navibus,
709 575 803 622 quae
827 557 881 604 ab
907 558 1122 622 helcyariis
1143 558 1459 623 protrahuntur.
1492 561 1618 626 Ripae
1637 562 1739 609 saxo

96 628 152 675 ab
173 629 261 675 imo
282 627 465 674 solidatae
480 664 492 687 ‚
525 628 569 673 ἃ
589 627 798 674 cataraffls
816 626 1051 685 fornicatis,
1066 624 1140 672 ubi
1164 627 1375 674 neceffitas
1396 643 1545 693 urget,
1579 629 1740 677 canales

96 697 243 762 paffim
262 695 455 745 constrati
467 733 480 756 ,
497 696 692 761 adeoque
708 708 756 742 ut
771 698 923 743 merito
940 697 1046 744 Sinae
1055 713 1154 743 cum
1171 698 1377 743 Romanis
1388 695 1443 743 de
1471 698 1738 746 Architectu-

97 784 153 815 rae
171 765 307 831 gloria
326 765 598 814 contendant.

164 837 212 882 In
228 836 369 885 Folzien
379 834 491 899 apud
509 840 570 883 H
570 835 722 899 inghoan
734 872 746 893 ‚
760 852 908 881 omnes
919 836 995 881 viae
1005 833 1212 898 quadrato
1230 832 1374 898 lapide
1384 848 1570 897 quatuor
1588 835 1737 883 millia&

98 905 209 952 rium
225 905 577 950 Germanicorum
597 902 868 968 longitudine
885 902 930 948 8<
948 905 1069 951 unius
1090 905 1260 969 perticae
1277 903 1499 950 latitudine
1516 903 1735 953 constratae

98 974 210 1033 sunt,
221 972 510 1037 pulcherrimo
527 989 602 1036 per
621 984 756 1018 totam
771 973 913 1019 Sinam
929 988 1073 1037 opere.

167 1041 301 1106 Apud
317 1039 467 1087 urbem
481 1043 711 1105 Hoangting
725 1079 737 1097 ,
751 1039 867 1086 vallis
886 1039 1097 1105 profunda
1108 1080 1122 1101 ,
1141 1040 1316 1108 angusta
1326 1044 1370 1089 8(
1381 1040 1555 1089 obscura
1566 1040 1648 1102 est,
1661 1056 1739 1108 per

99 1126 231 1176 quam
255 1111 319 1156 via
332 1107 601 1174 longitudine
621 1109 808 1155 duorum
819 1108 1058 1156 milliarium
1068 1110 1275 1157 constrata
1293 1109 1424 1156 ducit.

165 1181 213 1226 ln
237 1178 423 1248 Qeicheu
436 1177 550 1242 apud
565 1183 737 1226 Ganlwm
749 1217 760 1237 ‚
773 1191 853 1223 tres
863 1177 1089 1225 catara&
1099 1214 1111 1236 ,
1129 1196 1306 1243 quarum
1316 1181 1437 1225 tertia
1457 1179 1647 1245 Tienseng
1659 1216 1672 1237 ‚
1691 1177 1738 1224 id

98 1247 160 1295 est
173 1248 367 1295 naturalis
387 1246 502 1293 mille
518 1249 770 1311 perticarum
787 1245 1054 1311 longitudine
1075 1246 1128 1293 ad
1150 1262 1379 1310 utrumque
1399 1249 1505 1295 latus
1523 1249 1590 1294 via
1614 1246 1739 1294 instar

98 1334 215 1364 arcus
233 1315 444 1363 &taraciae
463 1331 661 1363 excavata
679 1315 752 1362 est.

169 1389 216 1433 ln
231 1401 379 1433 monte
404 1386 537 1442 Mem,
556 1384 794 1450 longissima
813 1385 858 1430 8(
879 1382 1158 1448 angustissima
1175 1383 1242 1430 via
1257 1386 1329 1430 vix
1347 1383 1535 1431 duorum
1545 1385 1742 1449 equitum

99 1473 234 1520 capax
250 1477 262 1514 3
288 1454 341 1501 ad
353 1469 582 1518 utrumque
598 1452 702 1500 latus
723 1465 889 1500 montes
906 1451 1029 1498 instar
1044 1469 1266 1500 murorum
1281 1454 1325 1499 in
1334 1452 1603 1501 altitudinem
1618 1452 1742 1501 affur-

100 1539 220 1590 gunt.

166 1594 213 1640 ln
229 1606 376 1639 monte
395 1595 456 1651 Co,
472 1593 537 1637 via
552 1590 717 1637 acclivis
735 1590 795 1637 est
804 1589 953 1637 decem
970 1588 1214 1636 milliarium
1233 1588 1513 1655 longitudine.

167 1665 219 1709 In
239 1674 433 1709 montem
445 1664 639 1725 Fangaiien
656 1660 700 1706 8(
714 1661 932 1725 Hinglang,
945 1677 1021 1724 per
1031 1659 1153 1706 scalas
1172 1657 1354 1723 lapideas
1371 1657 1651 1709 adscenditur.

167 1730 303 1796 Apud
318 1729 468 1777 urbem
487 1731 709 1794 Kingxan
721 1746 842 1775 mons
866 1731 982 1776 Civen
1000 1741 1286 1775 trecentorum
1301 1726 1531 1775 stadiorum
1550 1726 1741 1794 longitu⁴⁵

99 1799 214 1861 dine,
228 1816 304 1866 per
314 1816 443 1862 quem
452 1797 641 1846 transitus
660 1800 704 1845 in
720 1800 862 1849 Fokien
884 1796 1020 1844 datur.
1054 1796 1286 1846 Altiffimus
1303 1798 1347 1843 &
1359 1794 1543 1844 maxime
1558 1814 1743 1861 praeceps

99 1869 218 1919 collis
233 1869 393 1918 Sienhoa
407 1881 595 1926 vocatur,
604 1884 733 1932 quem
742 1865 879 1913 forma
893 1865 1047 1912 cocleae
1056 1868 1249 1914 trecentis
1260 1867 1306 1913 8(
1321 1862 1534 1929 sexaginta
1544 1864 1744 1930 gradibus

98 1938 153 1986 ad
175 1938 409 1986 faciliorem
434 1937 643 1985 ascensum
660 1934 924 1983 exciderunt.
966 1936 1015 1981 In
1037 1934 1236 2001 supremo
1255 1935 1410 1983 vertice
1432 1932 1632 1985 sacellum
1654 1950 1741 1983 ma=

100 2007 308 2074 gnificum
328 2008 373 2055 &
391 2005 611 2072 splendida
627 2003 854 2052 diversoria
869 2003 975 2053 sunt.

592 2164 777 2220 ‘Fontei
806 2162 879 2216 ά*
912 2156 1236 2236 Catarrafi‘ae.

102 2287 193 2399 IN
230 2295 293 2338 X
296 2286 376 2350 enfi
384 2283 498 2350 apud
514 2302 673 2349 pagum
696 2286 880 2351 Siganfin
891 2282 1027 2330 fluvio
1046 2286 1169 2340 Επεὶ,
1202 2295 1281 2328 tres
1297 2279 1526 2328 Catarafi‘tae
1544 2280 1636 2326 sunt
1659 2296 1744 2328 una

152 2359 314 2404 Ortum
327 2393 339 2414 ,
363 2354 491 2401 altera
500 2354 711 2400 Occasum
723 2352 858 2399 versus
872 2354 1014 2411 ,tertia
1024 2353 1066 2398 in
1078 2351 1224 2398 medio
1237 2350 1327 2396 altis
1335 2360 1395 2396 ex'
1412 2348 1552 2413 lapide
1567 2347 1740 2395 fornici-

103 2424 196 2473 bus.
233 2424 373 2473 Ferrei
391 2421 534 2470 obices
548 2462 559 2482 ‚
579 2424 743 2470 Leones
759 2424 804 2469 8(
818 2421 894 2468 alia
904 2422 1024 2485 operi
1036 2418 1303 2485 splendorem
1313 2417 1556 2465 conciliant.
1590 2417 1743 2465 Similis

103 2494 220 2560 apud
235 2495 386 2541 urbem
407 2490 654 2540 Lancienest.

172 2562 308 2629 Apud
321 2563 524 2611 Hanchun
540 2578 648 2625 opus
668 2597 680 2620 ,
710 2561 778 2606 cui
790 2571 886 2605 toto
897 2556 1001 2604 orbe
1019 2555 1248 2603 secundum
1266 2573 1353 2603 non
1366 2554 1490 2603 datur
1502 2554 1740 2619 ‚reperitun

105 2634 286 2697 Qippe
298 2627 582 2697 Changleangns
604 2632 814 2693 Licupangi
854 2629 963 2674 Dux
978 2644 1125 2673 omnes
1148 2626 1362 2673 altissimos
1386 2625 1480 2672 illos
1499 2636 1665 2670 montes
1694 2625 1741 2670 &

105 2700 449 2765 profundissimas
463 2698 675 2746 convalles
700 2699 881 2761 aequavit
898 2698 942 2742 &
962 2694 1262 2760 complanavit.
1297 2693 1369 2741 Ad
1386 2707 1614 2756 utrumque
1634 2690 1743 2738 latus

105 2771 217 2817 muri
230 2769 391 2817 reetain
407 2769 566 2816 coelum
586 2767 716 2831 usqtle
734 2766 969 2832 assurgunt,
990 2767 1063 2811 vix
1076 2763 1183 2810 Solis
1198 2763 1358 2810 lumine
1369 2760 1573 2827 depressas
1592 2760 1675 2807 vias
1687 2761 1743 2807 ir·-

106 2837 304 2888 radiante.
342 2837 514 2885 Alicubi
532 2837 639 2884 duos
648 2849 813 2883 montes
827 2832 1032 2899 pontibus
1045 2833 1201 2894 junxit,
1215 2834 1289 2896 qui
1304 2831 1468 2878 tertiam
1486 2832 1562 2877 viae
1579 2843 1746 2895 partem

108 2905 345 2954 conficiunt
356 2919 501 2966 ‚tantae
511 2906 806 2963 altitudinis,ut
820 2900 1153 2966 despectantibns
1169 2902 1211 2947 in
1228 2898 1491 2965 profundum
1505 2917 1638 2947 comae
1657 2915 1743 2963 prae

107 2975 286 3024 horrore
301 2974 419 3022 stent.
452 2977 531 3021 Via
545 2990 630 3022 tam
646 2974 727 3022 lata
741 2972 800 3019 est
819 3012 831 3032 ,
857 2986 903 3018 ut
913 2985 1097 3034 quatuor
1114 2968 1405 3034 simulequites
1425 2970 1562 3034 capiat
1581 2991 1593 3027 3
1627 2984 1675 3014 ac
1690 2984 1744 3014 ne

109 3047 205 3110 quis
225 3043 279 3091 de
295 3042 500 3109 pontibus
510 3044 677 3091 decidat
692 3080 703 3100 ,
717 3042 874 3090 clathra
891 3040 1024 3088 ferrea
1038 3038 1106 3086 vel
1127 3038 1266 3102 lignea
1277 3053 1505 3103 utrumque
1516 3037 1621 3084 latus
1631 3035 1744 3083 clau-

111 3113 234 3163 dunt.
282 3115 356 3161 Ab
371 3111 477 3164 urbe
503 3115 727 3179 Hanchng
753 3111 884 3176 usquc
911 3109 964 3156 ad
983 3110 1133 3156 urbem
1168 3111 1286 3176 Sigan
1317 3108 1406 3157 haec
1442 3105 1648 3172 stupenda
1679 3105 1748 3149 Via

1119 3195 1133 3224 x
1646 3187 1747 3236 pro*-
