2114 3412
379 137 445 196 ad
455 141 771 224 Magnum
787 138 1047 200 Tarm-ile
1066 146 1286 227 Sinaeque
1305 143 1562 223 Chaunum.
1711 169 1732 205 1
1747 170 1765 205 1
1780 172 1801 218 5

179 1527 183 1531 ·
195 1502 312 1549 Tota
325 1502 547 1550 Provincia
557 1500 688 1547 Chamo
699 1517 778 1566 pro
789 1499 951 1548 tributo
962 1499 1084 1550 solvit
1094 1500 1212 1561 milii,
1222 1518 1361 1566 oryzae
1371 1505 1415 1551 &
1427 1504 1551 1551 tritici
1562 1505 1588 1551 d
1593 1505 1705 1553 uode
1714 1508 1788 1554 tri-⁴

124 1571 253 1637 gesies
263 1568 692 1630 centena‚duodecim
705 1568 1023 1629 millia‚centum
1036 1573 1082 1619 ὃς
1095 1572 1395 1619 novemdecim
1406 1571 1540 1619 saccos
1552 1575 1607 1621 28
1620 1593 1634 1620 1
1649 1594 1671 1622 2
1685 1593 1699 1621 1
1715 1594 1730 1621 1
1741 1594 1783 1638 9.

125 1642 254 1688 Serici
271 1640 454 1688 confec‘ti
466 1639 732 1686 voluminum
749 1641 1058 1705 quinquaginta
1069 1654 1252 1705 quatuor
1261 1640 1407 1699 millia5
1423 1657 1640 1709 nongenta
1652 1646 1696 1692 8<
1708 1663 1787 1691 no-

123 1711 492 1777 naginta,54990.
503 1708 687 1773 Goffipii
701 1707 897 1757 librarum
909 1711 1218 1775 quinquaginta
1232 1710 1450 1757 duomillia
1462 1713 1787 1778 quadringentas

124 1780 399 1844 quadraginta
412 1797 570 1826 novem
583 1813 597 1832 ,
621 1794 790 1842 52449.
830 1782 913 1826 Pro
922 1781 1072 1845 Regiis
1083 1781 1199 1844 equis
1210 1779 1411 1827 straminis
1421 1798 1469 1827 ac
1480 1781 1574 1828 faeni
1586 1781 1710 1829 fasces
1717 1785 1786 1830 tri—

123 1846 248 1914 gefies
263 1848 390 1895 ofiies
400 1850 554 1895 centies
565 1850 610 1895 &
619 1850 898 1912 viciesquater
912 1846 1026 1894 mille
1035 1848 1240 1896 ducentos
1250 1850 1296 1895 8<
1306 1852 1535 1915 nonaginta
1550 1851 1605 1915 38
1616 1870 1636 1898 2
1644 1869 1701 1914 42
1711 1871 1769 1914 90
1777 1890 1786 1899 .

123 1922 271 1965 Praeter
283 1916 500 1983 veffigalia
513 1915 769 1964 teloniorum
783 1953 795 1975 ‚
812 1934 994 1982 quorum
1011 1919 1086 1965 tria
1106 1917 1237 1965 habet
1248 1919 1290 1963 in
1303 1918 1438 1964 fluvio
1448 1922 1531 1976 sz
1543 1958 1556 1979 ,
1568 1938 1644 1985 per
1655 1939 1786 1984 quem

123 2004 397 2034 omnesnaves
405 1987 548 2051 Peking
558 1985 742 2035 tendunt
752 2008 764 2044 3
781 1985 880 2034 licet
889 1989 1091 2033 mercium
1101 1988 1338 2052 portorium
1350 1986 1442 2034 leve
1454 1986 1499 2033 sit
1510 2006 1557 2034 ae
1569 1992 1790 2055 exiguum,

125 2070 240 2104 tanta
250 2069 393 2104 tamen
406 2073 550 2103 earum
562 2057 736 2102 varietas
747 2058 792 2103 8<
804 2057 929 2119 copia
938 2090 953 2110 ,
975 2070 1024 2103 ut
1039 2054 1216 2121 ipsemet
1235 2054 1337 2102 illud
1349 2057 1402 2103 ad
1414 2057 1563 2104 decem
1575 2058 1795 2118 milliones,

124 2125 194 2173 seu
206 2128 361 2173 centies
373 2139 552 2172 centena
563 2142 788 2172 aureorum
800 2123 929 2172 millia
938 2126 960 2171 a
975 2125 1176 2172 Praefeffis
1186 2127 1423 2190 computari
1433 2126 1681 2187 audiverim,
1693 2147 1794 2193 prze-

127 2210 189 2243 ter
200 2194 384 2260 id,quod
394 2192 632 2241 clanculum
643 2192 717 2240 fibi
727 2193 828 2241 inde
840 2193 1031 2242 Praefides
1040 2195 1242 2259 surripere
1255 2230 1267 2253 ³
1279 2212 1326 2241 ac
1338 2195 1380 2240 in
1394 2213 1481 2241 rem
1493 2195 1606 2244 suam
1619 2215 1793 2244 conver-

129 2278 216 2312 tere
230 2278 401 2311 norunt.
1904 2319 1907 2322 Γ

198 2337 332 2401 Pagus
367 2334 408 2379 K
422 2336 440 2380 Ι
455 2333 574 2379 A-1<
588 2334 605 2378 Ι
619 2336 660 2379 Α
698 2331 900 2380 fettilibus
925 2335 1119 2399 undique
1153 2335 1257 2380 arvis
1291 2331 1529 2397 pascuisque
1553 2335 1794 2400 ingentem,
1811 2343 1974 2373 situsKm„

128 2420 211 2467 qua
222 2402 468 2467 conspefflus
481 2416 614 2467 patet,
629 2400 848 2468 planitiem
862 2403 964 2448 mira
973 2401 1258 2465 jucunditate,
1269 2400 1390 2447 nullis
1400 2401 1474 2448 nisi
1486 2402 1620 2450 versus
1632 2407 1792 2452 Orien-
1812 2387 1897 2416 ΜΕ

128 2485 217 2518 tem
234 2470 449 2519 montibus
467 2469 784 2517 occurrentibus
800 2506 812 2529 ,
842 2471 1126 2535 repraesentat.
1179 2469 1452 2517 Rorismarini
1475 2470 1646 2519 uberior
1668 2473 1726 2519 ibi
1747 2477 1793 2522 Se

129 2540 339 2605 copiosior
352 2575 366 2595 2
387 2558 515 2606 quam
546 2542 590 2586 in
615 2537 790 2588 Velavia
811 2541 943 2586 Ericae
968 2576 980 2598 ,
1006 2549 1238 2604 proventus
1261 2562 1274 2598 3
1310 2540 1426 2586 unde
1444 2540 1633 2587 odorifer
1649 2540 1732 2588 late
1752 2541 1792 2590 se

132 2609 370 2676 dispergens
399 2612 501 2657 mira
535 2625 651 2655 nares
681 2607 950 2671 jucunditate
985 2610 1008 2655 ὲ
1042 2607 1285 2674 longinquo
1311 2609 1452 2655 adhuc
1478 2608 1627 2658 titillat.
1673 2611 1707 2655 F
1709 2628 1792 2658 era-

131 2695 223 2724 rum
257 2681 483 2743 aviumque
518 2677 685 2725 arbores
712 2678 866 2742 pariter
900 2680 1126 2741 campique
1161 2676 1275 2743 pleni
1296 2714 1308 2736 ‚
1343 2679 1454 2724 cervi
1484 2695 1582 2725 cum
1609 2679 1794 2726 foeminis

133 2745 317 2810 phasiani
346 2781 360 2801 ,
392 2747 549 2795 alaudae
570 2749 776 2815 gregatim
806 2768 818 2804 3
855 2747 971 2793 unde
992 2748 1177 2794 Tartaris
1202 2746 1347 2793 nostris
1368 2765 1443 2810 per
1463 2748 1554 2794 avia
1573 2746 1791 2795 distursan-

133 2814 244 2862 tibus
260 2816 389 2863 ferina
408 2819 451 2862 in
473 2830 644 2882 promtu
666 2853 678 2875 ,
704 2814 797 2881 ipsis
818 2815 1079 2873 mirantibus,
1100 2815 1220 2881 quod
1242 2814 1509 2862 discursantes
1529 2833 1666 2863 cervas
1683 2852 1695 2874 ‚
1723 2817 1789 2864 vel

132 2882 350 2948 phasianos
375 2886 518 2932 medio
540 2883 682 2933 volatu
705 2883 997 2945 dejiceremus.
1045 2887 1209 2932 Carnes
1236 2883 1296 2929 ob
1314 2882 1564 2932 rorismariui
1583 2885 1791 2949 depastio-

131 2969 255 3011 nem,
276 2951 530 3017 stpidiffimae
542 2987 556 3008 ,
576 2969 700 3021 grato
722 2953 797 3001 illo
819 2953 980 3002 infe&ae
989 2953 1124 3001 odore
1141 2988 1154 3010 ‚
1188 2969 1276 3000 non
1289 2951 1400 3000 secus
1410 2970 1457 3001 ac
1471 2952 1500 3001 si
1520 2969 1605 3002 arte
1617 2955 1790 3003 incoeiae

133 3020 272 3069 essent.

1038 3161 1069 3204 P
1109 3177 1129 3205 ᾳ),
1577 3159 1789 3206 Triduum
