2150 3370
351 145 418 190 30
729 117 1035 199 Parsprimaz
1055 116 1334 201 Legationis
1353 118 1635 181 &Batavicffi
1844 182 1852 190 ,

169 231 336 277 Wagwae‘
341 226 496 294 fuissent
505 262 517 284 ,
531 226 659 273 Sinam
679 221 879 286 apptdiffi’t.
917 225 981 269 Ita
995 220 1062 269 illa
1074 234 1165 268 tum
1176 225 1382 286 Wzgenarii
1393 219 1536 272 frustra
1547 218 1631 267 fuit
1642 217 1865 284 expeditio
1875 254 1887 277 ,
1900 217 2005 266 mul-

167 279 327 344 iffiiiiti'cf.
352 312 442 344 tum
465 295 677 341 avaritiam
691 291 805 339 suam
825 290 1098 352 jadiantibus,
1115 292 1204 336 imo
1226 292 1375 337 decem
1396 288 1524 344 millia
1546 304 1842 354 argenteorum
1861 303 2007 353 peten-

351 365 459 413 tibus
470 398 481 420 ,
504 364 577 426 qui
588 361 849 408 audientiam
867 360 983 425 apud
1000 362 1226 425 Proregem
1239 357 1280 405 se
1290 374 1584 423 procuraturos
1599 356 1860 404 simulabant.

165 444 304 493 Prae-fetu·
416 437 527 486 Quae
545 447 643 477 cum
666 432 724 477 ita
744 429 973 477 evenissent
995 450 1008 486 3
1044 430 1258 494 Magnum
1280 427 1412 475 Indiae
1432 425 1673 474 Consilium
1693 425 2006 474 Amstelodami

164 489 331 558 ἕζξζξξᾞξς
345 499 560 548 solennem
578 519 633 547 cx
654 498 759 546 urbe
781 501 951 546 Batavia
969 497 1171 562 Pekitgam
1191 496 1245 545 ad
1266 498 1480 563 Magnum
1501 497 1702 544 Tartariae
1727 496 1901 543 chamum
1929 513 2007 561 per

163 568 306 640 ffnstffl'·
347 568 519 616 illustres
541 570 694 615 Petrum
713 567 754 613 de
777 573 894 630 Goyer
905 600 918 621 ,
942 569 988 614 8(
1008 567 1191 623 Jacohum
1204 566 1247 612 de
1269 564 1415 633 Keyfi‘r
1434 567 1716 630 Legationem
1728 565 1938 619 decrevit,
1951 582 2008 612 eo

163 621 314 691 ggiione‘ifi
348 656 446 685 cum
458 640 681 686 Comitatu
693 672 706 694 ,
723 638 799 700 qui
809 634 1023 701 splendori
1035 672 1049 694 ,
1073 637 1119 683 8(
1131 633 1344 696 Majestati
1355 637 1502 682 Sinicae
1515 633 1788 699 responderet
1799 636 2005 699 ,quicon-

161 692 294 773 {ffussh'
348 707 478 755 stabat
497 706 663 753 duobus
676 703 989 752 Mercatoribus
1002 743 1015 763 ‚
1037 703 1232 750 Leonardo
1244 704 1431 751 Leonardi
1443 706 1488 751 8(
1503 707 1564 751 H
1562 707 1674 749 emico
1685 703 1852 762 ssarone,
1868 701 1939 750 sex
1949 701 2005 751 fil-

161 775 311 847 fffffluunss
348 776 860 833 tellitibus,Oeconomo,
878 775 1114 839 Chirurgo,
1127 771 1773 839 geminointerprete,tubicine,
1787 773 2008 838 &tympa-

184 830 197 846 ι
306 841 312 847 ’
346 845 475 903 nista,
497 843 757 891 assumebant
775 842 942 907 insuper
963 840 1194 905 Franciscum
1207 844 1477 904 Lantsmanum
1489 879 1501 901 ,
1518 856 1566 889 ut
1581 855 1840 906 eotempore
1851 843 2010 906 prima-

344 916 409 961 rio
421 948 434 969 ,
463 917 526 963 H
524 917 678 960 enricum
691 912 985 977 Grambergium,
994 925 1042 959 ut
1057 910 1304 958 secundario
1315 926 1556 959 mercaturae
1567 913 1768 958 Cantonii
1779 910 2010 976 praeeffent,

344 984 484 1030 donec
497 984 648 1049 Legati
659 984 737 1029 iter
752 983 953 1047 Pekingczm
965 979 1241 1029 absolverent.
1277 983 1512 1028 Munerum
1522 999 1669 1046 genus,
1680 980 1812 1027 Chamo
1823 980 2008 1028 offeren-

344 1052 446 1098 dum
450 1086 462 1107 2
475 1053 636 1099 varium
647 1049 728 1097 fuit
738 1087 750 1110 ‚
770 1050 1000 1098 artificiosae
1013 1064 1189 1098 texturae
1207 1068 1261 1098 ex
1274 1048 1366 1098 lana
1381 1053 1426 1098 8(
1444 1050 1535 1097 lino
1550 1073 1562 1109 3
1580 1051 2006 1103 aromata2cinnamo-

345 1139 462 1168 mum
474 1122 619 1179 ,macis
632 1122 755 1186 copia
771 1156 783 1179 ,
801 1138 926 1167 nuces
937 1120 1159 1168 moschatae
1169 1154 1183 1174 ,
1204 1119 1471 1186 garyophylli
1484 1153 1498 1174 ,
1513 1118 1727 1167 succinum
1737 1152 1755 1186 ,¹
1771 1117 1915 1166 coralli
1937 1137 2007 1166 ru-

342 1189 431 1248 bri,
452 1187 653 1237 santalum
666 1227 679 1248 ,
699 1188 806 1236 cistae
817 1189 929 1237 Iacca
939 1193 984 1237 &
996 1208 1099 1237 auro
1110 1188 1347 1255 promiscue
1358 1189 1552 1238 obduEhe
1565 1224 1577 1246 ,
1597 1188 1692 1237 tubi
1708 1189 1841 1254 optici
1853 1224 1865 1247 ,
1884 1191 2006 1241 variae

341 1257 841 1324 magnitudinisspecula,
870 1258 1050 1325 plumae,
1070 1274 1295 1307 armaturae.
1341 1259 1503 1306 Addita
1524 1257 1600 1306 illis
1622 1259 1763 1306 adhuc
1783 1259 2005 1325 incognita

338 1327 582 1394 regionibus
600 1343 800 1382 munera,
822 1347 915 1393 quae
930 1329 1069 1376 noster
1087 1328 1200 1376 orbis
1218 1327 1404 1393 profert,
1424 1327 1618 1393 nihilque
1640 1327 1835 1374 omissum
1847 1365 1862 1386 ,
1883 1329 2006 1392 quod

340 1395 595 1444 stabiliendis
605 1399 712 1444 inter
723 1398 930 1445 Caesarem
944 1435 956 1458 ,
972 1399 1192 1446 Chamum
1201 1400 1404 1447 Tartariae
1417 1399 1613 1464 Sinaeque
1623 1432 1635 1456 ,
1651 1399 1697 1446 8(
1715 1398 1893 1445 Batavos
1903 1398 2006 1445 ami-

338 1467 444 1512 citiae
461 1466 590 1513 fidem
602 1466 843 1531 mutuisque
862 1468 1126 1515 commerciis
1136 1467 1319 1534 spectare
1329 1467 1507 1534 possent.

155 1530 260 1611 ἓξὲξ
271 1527 319 1605 dg
408 1523 546 1597 Hujus
557 1537 702 1600 primae
720 1537 766 1583 8(
777 1553 1000 1602 nunquam
1011 1538 1191 1585 antehac
1201 1539 1225 1585 a
1236 1539 1413 1597 Batavis,
1421 1538 1525 1587 dum
1536 1537 1668 1587 Orbis
1681 1535 1758 1585 siat
1767 1570 1781 1592 ,
1802 1538 2004 1603 Legatio-

150 1611 286 1682 {iacgbu}
340 1605 401 1649 nis
421 1606 589 1650 initium
609 1603 767 1650 fa6‘mm
791 1606 874 1651 fuit
894 1606 1059 1652 decima
1076 1620 1223 1670 quarta
1234 1609 1352 1673 Junii
1365 1611 1500 1654 Anno
1513 1606 1669 1654 Christi
1682 1603 1903 1652 millesimo
1912 1604 2003 1654 sex-

153 1662 314 1725 discefffffitr
339 1671 567 1719 centesimo
589 1671 941 1738 quinquagesimo
959 1675 1126 1738 quinto.
1164 1674 1359 1723 Navibus
1372 1675 1425 1723 ad
1439 1688 1607 1723 tantum
1617 1676 1695 1721 iter
1713 1676 1759 1722 8(
1781 1691 1861 1738 pro
1881 1673 2002 1722 causa

151 1736 296 1819 ξξῑῖζζῇἰ
336 1754 422 1788 tam
433 1741 625 1806 proficua
638 1741 751 1789 Orbi
760 1754 962 1788 terrarum
974 1741 1176 1790 instruffis
1190 1780 1204 1800 ,
1217 1745 1389 1791 Batavia
1407 1761 1527 1791 oram
1538 1743 1752 1791 solverunt
1762 1756 1894 1791 vento
1905 1745 1952 1791 N
1954 1760 2001 1790 o-

334 1810 582 1876 tapeliotem
603 1811 758 1864 flante,
775 1828 823 1858 ac
833 1811 943 1858 tedia
955 1810 1284 1876 Barrapeliotem
1295 1811 1431 1860 versus
1451 1811 1542 1860 vela
1555 1813 1813 1860 direxerunt.

148 1875 317 1951 {grsgfflssva
404 1881 574 1926 Batavia
583 1881 709 1946 Javae,
720 1897 813 1944 quae
824 1879 1048 1927 Hollandis
1058 1883 1350 1947 paret,Caput
1359 1879 1430 1927 est.
1465 1880 1538 1929 llla
1564 1880 1694 1928 insula
1705 1881 1820 1928 dives
1830 1885 2001 1945 Opum,

254 1944 259 1949 ’
286 1980 296 1985 »
337 1965 438 2011 quas
449 1960 596 1994 natura
608 1949 653 1995 8(
666 1965 726 1994 ars
737 1948 950 2013 producit,
959 1951 1004 1996 8(
1016 1962 1064 1994 ut
1075 1951 1252 2014 scaligeri
1262 1949 1397 1997 verbis
1407 1962 1513 2010 utar,
1521 1949 1685 2016 universi
1687 1950 1925 2013 compendium
1934 1952 1997 2016 ιβ.

336 2018 443 2063 Non
467 2018 627 2063 etenim
645 2014 734 2062 solo
755 2019 927 2082 pipere,
946 2017 1166 2084 zingibere
1182 2055 1194 2078 ,
1210 2019 1487 2066 cinnamomo
1509 2022 1555 2067 8(
1575 2017 1739 2085 reliquo
1759 2033 2000 2069 aromatum

335 2102 491 2152 genere
512 2085 724 2144 abundat,
743 2086 813 2133 sed
833 2104 1008 2133 omnem
1032 2088 1247 2151 pecudum
1265 2087 1447 2153 speciem
1460 2087 1551 2149 alit,
1576 2107 1669 2154 quae
1689 2089 1791 2136 inde
1803 2089 1858 2136 ad
1868 2091 1999 2138 varias

334 2153 655 2202 transvehuntur
673 2172 774 2203 oras.
812 2155 1100 2215 Aurifodinis,
1119 2157 1305 2222 pretiosis
1325 2157 1557 2223 lapidibus,
1575 2161 1619 2206 8(
1632 2156 1997 2206 incredibiliserici

331 2222 604 2286 copialcatet.
643 2224 816 2271 Crebris
830 2224 1021 2273 obnoxia
1034 2226 1350 2292 tempestatibus
1369 2228 1442 2276 vix
1459 2247 1650 2294 unquam
1670 2242 1768 2276 toto
1784 2244 1897 2275 anno
1914 2226 1998 2275 ces-

330 2289 511 2338 santibus
522 2327 536 2347 ,
556 2292 713 2340 incolas
724 2294 878 2341 dicitur
890 2313 945 2342 ex
965 2297 1063 2343 Sina
1073 2331 1088 2351 ,
1112 2298 1389 2346 Tartarorum
1401 2313 1500 2347 ante
1510 2298 1675 2365 aliquot
1693 2296 1828 2345 secula
1845 2295 1996 2362 profu-

331 2377 407 2423 gos
418 2363 718 2426 metu,primos
736 2365 937 2427 accepiffe
948 2401 961 2423 ,
979 2366 1190 2432 indigenis
1201 2370 1448 2431 permixtos.
1476 2370 1598 2416 Gens
1617 2367 1767 2414 mediae
1779 2401 1791 2423 ,
1810 2364 1883 2414 sed
1893 2384 1996 2431 qua-

330 2429 455 2476 dratae
464 2428 625 2477 staturae
635 2466 647 2489 ,
664 2429 771 2477 facie
782 2432 1019 2480 rubicunda
1027 2451 1211 2498 corpore
1220 2436 1379 2482 incedit
1390 2435 1642 2500 plerumque
1661 2434 1818 2482 intecto
1830 2470 1843 2493 ,
1867 2437 1994 2482 mori-

331 2496 407 2544 bus
419 2536 432 2556 ,
455 2511 504 2545 ut
522 2500 630 2546 inter
641 2497 839 2547 barbaros
849 2501 964 2548 haud
980 2502 1206 2550 inconditis
1215 2540 1227 2563 ,
1241 2501 1311 2550 sed
1322 2502 1514 2569 superbia
1527 2541 1540 2564 ,
1557 2505 1813 2570 avaritiaque
1824 2505 1996 2562 tumidi,

331 2565 674 2634 fraudulentique
687 2594 700 2624 ,-
722 2568 890 2634 insuper
901 2570 1054 2636 perfidi
1067 2605 1081 2627 ‚
1102 2590 1201 2620 nam
1213 2609 1226 2632 ,
1242 2590 1339 2620 cum
1350 2575 1532 2639 quidam
1540 2576 1639 2621 Rex
1650 2574 1704 2621 de
1716 2573 1823 2621 male
1834 2571 1992 2621 servata

148 2636 314 2718 ἒὲέῗὲῖωΰῑ
332 2633 417 2682 fide
428 2651 686 2701 argueretur,
696 2637 936 2703 respondit,
957 2640 1149 2688 humanam
1167 2642 1326 2707 linguam
1345 2662 1414 2690 non
1430 2643 1518 2708 sore
1537 2640 1681 2708 offlam.
1718 2645 1786 2690 Sic
1802 2645 1992 2691 truces&

255 2704 261 2710 ”
330 2701 578 2767 sanguinarii
602 2706 815 2764 feruntur,
835 2710 937 2756 hinc
957 2708 1107 2757 offensi
1125 2710 1274 2772 semel,
1293 2711 1601 2777 implacabilem
1624 2712 1991 2759 reconduntiram.

331 2772 472 2836 Reges
485 2786 532 2819 ut
545 2775 587 2818 in
601 2775 711 2823 vasta
723 2775 852 2824 insula
865 2777 1006 2825 studiis
1024 2779 1263 2846 complures
1274 2779 1391 2828 divifi
1403 2784 1446 2829 8(
1457 2779 1731 2848 religionibus
1745 2818 1757 2840 ,
1780 2779 1990 2846 plerisque

331 2841 651 2888 Mahummcdis
673 2844 818 2894 statuta
839 2846 1086 2896 sediantibus
1104 2869 1113 2895 :
1136 2852 1290 2897 Caeteri
1303 2850 1506 2898 Indorum
1523 2849 1652 2914 prisca
1671 2849 1778 2897 sacra
1790 2851 1985 2897 retinent.

332 2907 366 2981 l?
369 2921 491 2954 erunt
508 2909 889 2963 Mahummedanos
910 2918 1010 2964 inde
1045 2918 1176 2984 usque
1199 2917 1253 2965 ab
1273 2935 1387 2965 anno
1406 2917 1626 2967 millesimo
1649 2916 1989 2985 quingentesimo

331 2976 631 3048 sexcentesimo
651 2981 758 3027 adeo
767 2985 978 3034 invaluisse
996 2985 1121 3051 (ante
1131 2986 1196 3038 illa
1208 3001 1399 3053 tempora
1409 2989 1605 3038 nondum
1616 2990 1778 3056 cogniti
1787 2984 1928 3049 erant)
1939 2999 1987 3034 ut

327 3060 414 3104 Jam
430 3042 624 3109 superent
635 3048 785 3112 priscos
794 3071 991 3119 paganos,

1830 3124 1987 3172 Princi-
