2114 3412
297 161 358 206 88
675 141 815 201 Pars
823 140 983 223 prima
1002 136 1284 222 Legationis
1304 138 1569 198 Patavicae

232 255 235 259 “
296 246 582 303 tabernarum,
591 246 637 292 &
647 242 928 308 hospitiorum
940 242 1148 292 tributum
1157 241 1216 289 est
1227 244 1377 309 viginti
1388 244 1579 308 quinque
1591 243 1822 307 Pangarum,
1834 243 1878 291 id
1891 242 1964 305 est,

298 317 470 383 triginta
490 313 699 361 toelarum
719 315 908 381 argenti,
928 312 958 360 fi
978 311 1234 359 solutionem
1254 330 1510 378 quacunque
1532 313 1588 360 de
1607 311 1726 360 causa
1744 309 1961 374 differant,

299 402 405 431 mox
419 381 493 447 ipsi
506 385 783 430 Tartarorum
793 381 924 431 furori
938 420 950 442 ,
968 398 1208 446 eorumque
1219 380 1336 430 bona
1349 383 1504 448 rapinis
1521 381 1809 446 subjiciuntur.
1841 385 1883 429 V
1885 383 1964 430 idi-

299 471 391 500 mus
411 450 553 517 saepius
572 452 764 500 homines
783 451 895 499 ultro
911 454 1102 516 citroque
1123 465 1413 498 commeantes
1433 452 1456 498 εὶ
1468 466 1686 516 portarum
1698 450 1963 499 excubitori-

299 521 377 568 bus
390 521 665 570 inclementer
675 523 815 587 excipi
827 519 889 582 ,Usi
909 523 952 568 in
976 518 1182 567 mercibus
1199 519 1434 567 deferendis
1456 521 1564 568 fraus
1576 534 1738 585 reperta
1752 517 1829 579 fit3
1849 522 1895 569 8<
1909 521 1965 568 ad

298 591 618 639 fitisfaetionem
634 590 765 655 usque
779 589 1019 637 verberibus
1040 588 1217 648 instant,
1237 588 1333 636 licet
1355 588 1545 636 Sinenses
1567 591 1637 637 hic
1658 591 1810 656 magis,
1832 607 1972 655 quam.

299 659 398 707 alibi
419 696 431 718 ‚
451 660 677 727 privilegiis
699 660 925 726 gaudeant.

117 719 212 790 ἷέζ
223 729 275 804 ξι,
371 727 580 795 Vigefima
599 747 714 777 nona
735 731 778 776 T
789 732 836 776 O
847 731 892 775 N
906 729 949 775 G
962 730 1001 776 L
1013 731 1060 776 O
1070 731 1114 777 U
1126 727 1169 774 U
1180 729 1235 774 M
1257 725 1496 792 appulimus
1521 728 1641 792 quod
1653 726 1815 775 sextum
1832 729 1969 777 trede-

117 800 240 842 pellunt,
297 800 414 846 cimae
425 800 622 847 Civitatis
636 799 759 846 (ichen
771 800 1043 864 primumque
1055 796 1271 861 Ncmkingae
1282 796 1508 862 oppidum.
1523 795 1723 843 Australis
1733 798 1821 862 ripa
1832 800 1967 866 Kiang

296 870 457 916 moenia
469 867 556 930 ejus
567 867 701 933 pulsat
720 888 729 914 :
750 867 827 915 situ
834 865 1030 928 jucundo
1045 863 1224 912 collibus
1235 864 1495 931 vallibusque
1507 866 1675 914 dubius,
1714 865 1877 914 Validis
1887 885 1967 916 un-

296 938 427 1002 dique
438 939 643 991 muris‚ut
653 937 777 985 valles
787 934 997 1001 collesque
1010 935 1225 982 finuantur
1236 968 1248 988 ‚
1266 937 1456 982 munitur
1466 971 1479 994 ,
1502 935 1653 983 Procul
1665 934 1970 1001 aspe&antibus

293 1006 581 1072 pulcherrimo
594 1021 822 1072 apparatu3
849 1005 923 1052 ubi
936 1006 1143 1052 introieris
1153 1007 1282 1052 ruinae
1295 1007 1340 1052 &
1355 1004 1515 1052 vastitas
1526 1007 1743 1052 Tartarica
1762 1004 1802 1052 se
1812 1003 1971 1056 lamen-

292 1075 476 1123 tabiliter
492 1077 647 1143 ingerit
658 1111 671 1133 ,
687 1078 811 1123 unica
821 1073 1037 1140 superstite
1048 1072 1199 1139 platea,
1210 1076 1364 1122 caeteris
1375 1076 1484 1121 inter
1497 1074 1646 1121 rudera
1656 1072 1840 1140 sepultis,
1853 1074 1971 1125 Pala-

293 1147 401 1192 tium
415 1145 598 1194 Praefeffl
610 1144 784 1210 priscam
799 1144 939 1192 adhuc
951 1180 962 1202 ,
973 1142 1104 1209 qualis
1115 1145 1157 1190 in
1170 1144 1277 1191 flore
1287 1142 1437 1202 fuerit,
1457 1143 1818 1210 magnificentiam
1832 1144 1971 1195 osten-

294 1229 365 1262 tat.
401 1216 510 1262 Duo
521 1217 649 1262 etiam
663 1220 796 1262 Arcus
806 1212 1110 1280 Triumphales
1122 1211 1350 1278 supersunt.
1386 1217 1456 1260 Ex
1474 1212 1610 1260 fluvio
1632 1212 1765 1279 Kiang
1787 1232 1863 1279 per
1883 1215 1972 1280 ipsa

293 1286 454 1331 moenia
478 1285 682 1331 vivarium
708 1283 868 1331 Palatio
882 1282 1066 1330 Praefetffi
1085 1282 1328 1330 addutPfflm.
1363 1281 1634 1349 Magistratus
1647 1300 1723 1347 per
1735 1283 1970 1349 Epistolam

293 1352 524 1419 gratulatur
537 1354 769 1400 adventum
784 1354 954 1416 Legatis
968 1372 977 1398 t
993 1369 1097 1398 mox
1110 1350 1236 1399 lautia
1249 1354 1293 1399 in
1305 1351 1489 1399 culinam
1502 1349 1619 1399 allata
1632 1386 1645 1406 ,
1657 1369 1750 1413 quae
1761 1353 1970 1402 modestia

295 1424 554 1488 Legatorum
566 1421 733 1470 remisit.
768 1420 899 1469 Nulla
921 1421 981 1468 ibi
1001 1436 1235 1468 mercatura
1257 1419 1335 1468 alia
1347 1419 1421 1467 nisi
1435 1439 1489 1467 ex
1500 1419 1686 1480 sudibus,
1698 1420 1842 1487 quales
1853 1425 1969 1471 Nor-

292 1486 431 1558 wegia
440 1490 613 1558 copiose
626 1493 793 1539 emittit.
817 1488 927 1538 infra
938 1490 1089 1537 urbem
1102 1489 1270 1538 duobus
1280 1490 1472 1556 passuum
1483 1488 1667 1537 millibus
1677 1489 1806 1539 insula
1818 1492 1967 1540 medio

134 1577 238 1625 avions
294 1559 366 1607 sita
380 1563 532 1626 Kiango
545 1598 557 1621 ³
577 1578 705 1627 quam
717 1561 934 1626 Sanglonem
955 1561 1064 1606 Sinae
1074 1573 1240 1607 vocant.
1282 1560 1412 1607 Haud
1424 1559 1572 1624 procul
1583 1561 1604 1606 a
1615 1562 1704 1625 ripa
1715 1578 1838 1609 mons
1847 1564 1969 1625 Rieu·-

116 1616 249 1655 IW‘JM'
299 1627 472 1684 hoaffivc
485 1631 644 1678 Novem
657 1634 835 1677 verticum
852 1666 864 1687 ‚
886 1627 1001 1676 floris
1014 1630 1103 1692 jam
1125 1629 1312 1676 cadentis
1326 1631 1523 1696 imagine.

111 1701 182 1771 few
202 1699 277 1749 (¹⁹¹5
363 1698 589 1764 Postquam
619 1699 708 1747 duo
730 1698 921 1765 proveffi
940 1699 1115 1746 essemus
1133 1697 1321 1746 milliaria
1342 1734 1355 1753 ,
1378 1699 1432 1746 ad
1452 1700 1630 1746 Boream
1651 1701 1786 1766 ripam
1809 1699 1971 1768 Kiangi,

109 1752 257 1831 mssnfa'iffl'
295 1768 505 1816 decimam
534 1769 751 1834 Nanlzingae
784 1769 999 1815 civitatem
1039 1768 1213 1833 Gankmg
1248 1767 1546 1834 conspeximus
1568 1804 1580 1827 ,
1614 1783 1847 1818 mercatura
1872 1771 1969 1837 opi-

109 1825 256 1865 gannbus.
293 1836 456 1903 busque
476 1856 648 1904 gravem
670 1873 681 1896 ‚
717 1836 838 1903 quod
859 1839 1007 1885 unicus
1029 1835 1098 1884 ille
1124 1837 1463 1886 commeantibus
1496 1837 1743 1904 Nanltingam
1777 1836 1969 1887 transitus

293 1906 430 1955 detur.

110 1977 277 2049 {Anhngam
363 1974 600 2042 Trigesima
617 1993 716 2023 cum
732 1974 852 2023 classe
875 1975 1087 2040 Anhingam
1111 1989 1288 2023 ventum
1302 2012 1315 2034 ,
1353 1993 1447 2039 quae
1468 1977 1514 2023 ὃς
1535 1974 1684 2022 Chicheu
1709 1978 1968 2036 nominatur,

109 2029 239 2093 1333?
294 2046 461 2092 tertiam
475 2079 488 2099 ‚
511 2047 557 2092 8<
576 2044 784 2091 decimam
802 2045 1018 2109 Nanlqingae
1031 2045 1287 2100 Civitatem,
1299 2045 1532 2110 nonaginta
1546 2046 1609 2106 Ly
1620 2044 1642 2090 a
1653 2042 1835 2110 Ttmglieu
1847 2043 1968 2094 fitam

292 2113 346 2160 ad
359 2113 596 2161 Australem
615 2112 782 2180 plagam
796 2115 963 2178 Kiangi,
985 2113 1164 2160 duarum
1185 2115 1363 2160 circuitu
1385 2115 1595 2161 horarum.
1635 2113 1897 2161 Suburbium
1917 2117 1969 2163 ri-

291 2201 393 2248 pam
415 2183 650 2249 magnificis
671 2181 828 2230 aedibus
843 2181 1110 2250 Pagodisque
1134 2180 1310 2247 plenum
1335 2181 1509 2250 stringit.
1546 2184 1716 2230 Moenia
1737 2182 1970 2232 altitudinis

291 2254 483 2317 quinque
502 2254 548 2300 &
568 2253 718 2317 viginti
736 2252 897 2317 pedum
919 2250 1145 2299 altitudine
1164 2269 1218 2298 ex
1240 2250 1451 2318 lapidibus
1469 2251 1606 2300 cottis.
1653 2251 1790 2300 Collis
1813 2268 1968 2301 terram

291 2321 427 2368 versus
433 2321 624 2386 jucunda
643 2321 877 2379 viriditate,
894 2322 963 2368 cui
985 2321 1155 2388 Pagoda
1175 2320 1495 2387 superstru&u3‚
1511 2321 1660 2369 eadem
1673 2356 1686 2376 ,
1710 2340 1794 2387 qua
1815 2321 1965 2388 reliqui

289 2388 841 2455 faci·oru1n‚superstitione:
866 2392 911 2438 &
932 2392 1052 2438 turris
1072 2390 1231 2455 septem
1247 2390 1640 2459 contignationibus
1656 2391 1811 2438 decora
1829 2393 1967 2439 immi-

290 2458 431 2508 nebat.
481 2459 685 2525 Pleraque
708 2459 902 2506 montosa
920 2495 933 2517 ,
962 2477 1059 2506 rarae
1082 2459 1276 2525 planities
1293 2496 1305 2518 ‚
1332 2459 1651 2508 &abundantia
1670 2474 1812 2506 tamen
1824 2478 1967 2509 rerum

290 2530 487 2575 omnium
507 2528 619 2576 adest
631 2565 643 2588 ,
661 2545 708 2574 ac
727 2527 755 2575 s1
772 2528 877 2593 quid
895 2527 1067 2576 deficiat
1087 2531 1241 2594 Kiango
1261 2529 1497 2578 advehitur.

130 2594 244 2626 Eodem
362 2598 527 2645 Eadem
542 2597 681 2645 adhuc
692 2596 762 2644 die
773 2611 937 2644 tantum
949 2595 1105 2644 emensi
1116 2596 1273 2645 fuimus
1284 2601 1444 2647 viarum
1458 2632 1472 2653 ,
1492 2610 1541 2644 ut
1551 2595 1738 2663 fl'imglirg
1757 2596 1825 2644 vel
1839 2596 1968 2664 Torg-

106 2636 258 2720 2:532&
289 2669 357 2729 liny
371 2668 542 2714 tertium
554 2668 752 2714 Civitatis
775 2666 927 2713 Chicheu
947 2666 1179 2731 Oppidum
1197 2669 1240 2714 in
1261 2667 1492 2734 conspe&u
1511 2670 1694 2721 venerit,
1715 2667 1966 2718 ducentis&

111 2729 194 2760 gunt

290 2802 381 2849 folii
395 2802 529 2851 forma
542 2805 773 2871 Oppidum
787 2805 968 2870 cingunt
979 2805 1164 2852 dimidiae
1177 2806 1291 2853 horae
1301 2806 1550 2853 ambitione.
1584 2807 1693 2852 Sinus
1714 2804 1833 2852 fluvii
1849 2806 1964 2872 apud

294 2889 389 2918 eam
402 2889 573 2936 portum
586 2873 708 2931 facit,
726 2873 930 2932 tutandiS,
952 2871 981 2920 si
993 2873 1258 2938 tempestates
1275 2874 1464 2928 saeviant,
1479 2872 1653 2920 navibus
1663 2906 1676 2927 ,
1694 2873 1966 2922 undeincolis

293 2957 434 2986 rerum
463 2944 610 3007 copia.
655 2941 841 2989 Castello
869 2941 1036 3008 insuper
1063 2957 1209 2991 contra
1236 2942 1430 2991 hostilem
1451 2944 1538 2990 vim
1557 2944 1600 2988 in
1625 2940 1732 2990 sinus
1755 2945 1962 2992 munitur.

295 3011 446 3055 Praeter
461 3010 580 3057 fluvii
592 3013 890 3059 vehementem
901 3011 1123 3059 decursum
1134 3048 1148 3071 ,
1156 3030 1271 3060 caecae
1280 3011 1356 3059 sub
1367 3011 1490 3059 undis
1500 3029 1624 3076 rupes
1642 3034 1656 3071 3
1680 3029 1773 3078 quae
1784 3011 1963 3059 redeun-

294 3076 409 3124 tibus
430 3095 537 3143 aqua
558 3079 725 3128 nudatae
745 3094 949 3130 terrorem
965 3081 1232 3129 incusserunt.
1275 3080 1428 3129 Incolae
1448 3082 1637 3129 vicinum
1659 3080 1840 3131 Echone
1855 3079 1963 3129 cele-

1839 3149 1960 3197 brem

291 2737 445 2799 viginti
468 2740 530 2798 Ly
553 2736 608 2784 ab
623 2736 770 2800 Anbt'ng
786 2771 799 2793 ,
832 2733 911 2781 situ
932 2734 1134 2793 collibus,
1154 2736 1458 2802 montibusque
1474 2752 1660 2783 amoeno.
1698 2738 1868 2790 Moenia
1891 2739 1966 2785 tri-
2034 2770 2038 2774 -
2103 2732 2114 2756 ·“
