2114 3412
371 109 437 168 ad
445 112 759 195 Magnum
775 107 1032 170 Taum-e
1048 114 1091 170 S
1094 112 1272 195 imaeque
1288 110 1545 190 Clmmum.
1714 141 1781 186 79

105 214 248 264 dibilia
258 215 432 280 jactant,
444 233 587 281 eoque
598 216 736 261 minus
746 213 899 261 mirum
911 214 1221 282 prodigiosiora
1234 218 1255 264 ἐι
1270 220 1467 266 Fernando
1483 220 1662 278 Mendez
1671 221 1782 268 Pinto

103 288 158 334 de
170 286 304 332 domo
315 284 553 351 fumigante
564 285 799 331 memorari.
821 286 1006 344 Caetera,
1020 302 1114 349 quae
1122 284 1224 332 olim
1236 287 1475 351 conspicua,
1486 288 1602 336 bello
1614 307 1780 354 nupero

102 358 344 421 perierunt,
364 356 511 402 Turris
530 357 573 401 in
597 370 756 401 novem
768 354 876 400 elata
887 356 1228 420 contignationes
1239 354 1419 420 superat.
1456 362 1576 426 Ager
1588 360 1781 424 undique

102 423 253 483 cultuS,
263 423 453 489 nuspiam
466 422 589 470 sterili
601 421 726 490 gleba
736 421 877 470 relieta
891 444 904 480 3
923 436 971 469 ut
982 425 1054 470 vix
1067 422 1244 489 spatium
1258 427 1428 489 pecori,
1454 430 1499 475 &
1511 430 1706 475 armentis
1717 428 1779 476 su-

101 492 226 559 persit
249 512 259 538 :
280 495 398 558 porci
417 507 561 540 tamen
584 490 795 540 numerosi
822 493 934 539 intus
945 491 1152 557 extusque
1164 495 1352 541 civitates
1363 493 1530 543 aluntur
1543 532 1556 554 ,
1577 515 1714 562 caque
1734 499 1778 544 iu

100 562 189 628 ipsa
198 564 370 611 civitate
380 565 573 626 copia,ut
583 560 817 626 platearum
829 559 918 608 fere
928 560 1047 608 usum
1061 562 1401 611 commeantibus
1420 566 1618 631 eripiant,
1633 584 1777 629 prom-

98 634 150 678 tis
170 632 226 679 ad
244 646 512 692 excrementa
524 648 673 678 eorum
683 629 873 678 tollenda
885 666 897 689 ,
915 632 1022 678 Sinis
1032 649 1136 698 agro
1148 630 1431 693 stercorando,
1442 633 1688 682 undenullae
1701 653 1778 700 per

97 700 258 768 plateas
276 700 424 751 sordes

168 769 313 818 Multa
330 772 376 819 &
395 768 473 818 alia
492 769 593 817 saeva
612 769 706 817 urbi
723 770 936 828 accidere,
952 768 1007 816 ab
1016 769 1169 818 ultimo
1179 768 1296 817 bello
1311 769 1501 819 funditus
1511 775 1682 832 corruit,
1694 774 1772 823 hac
1793 776 1955 849 Mgsssfrima

97 838 319 888 occasione
338 842 468 901 Kinm
493 838 734 904 Leaotungci,
759 856 849 903 quo
864 841 1066 887 Tartariae
1077 840 1130 887 ad
1139 858 1307 887 murum
1318 843 1514 906 proxima
1527 879 1539 901 ,
1556 844 1774 903 oriundus,
1791 829 1872 903 {isis
1888 820 1958 851 Μ’

99 908 256 957 celebri
268 912 379 957 inter
392 910 593 955 Tartaros
604 908 761 955 militiae
772 908 881 955 fama
894 941 908 962 2
926 907 948 954 a
967 910 1143 956 Chamo
1155 912 1386 957 Provinciae
1395 913 1558 977 Kiaszgsi
1568 911 1628 958 ob
1640 912 1775 962 fldem

95 982 333 1044 meritaque
345 977 578 1036 Praefecffis,
585 976 639 1025 ab
651 996 706 1024 eo
717 977 771 1024 ad
780 976 996 1025 Sinensem
1009 981 1313 1044 Imperatorem
1321 980 1535 1045 Jurglt'eum
1547 980 1703 1030 defecit
1714 983 1776 1030 ob

94 1048 399 1096 clandestinum
410 1045 682 1114 Collegaesuae
690 1046 839 1094 odium
849 1045 964 1111 (duo
973 1050 1088 1094 enim
1099 1047 1261 1114 semper
1268 1049 1343 1096 uni
1356 1051 1586 1098 Provinciae
1597 1051 1777 1117 praesunt

97 1135 206 1166 unus
216 1114 469 1177 civilia,alter
479 1115 708 1164 criminalia
719 1115 1044 1181 administrans.)
1054 1120 1172 1164 Cum
1184 1119 1300 1165 enim
1310 1121 1354 1165 in
1364 1121 1566 1167 convivio
1583 1121 1776 1185 quodam

95 1187 373 1236 Comoediam
385 1185 728 1252 spefiarennquae
738 1187 881 1233 Sinico
894 1184 1044 1234 habitu
1052 1187 1393 1253 agebaturJQ'mts
1402 1187 1454 1235 ad
1466 1188 1636 1236 socium:
1645 1209 1777 1251 annon,

90 1256 336 1323 inquiebat,
358 1256 413 1303 hic
432 1254 574 1302 habitus
590 1253 791 1302 Tartarico
812 1255 916 1321 longe
935 1256 1080 1314 melior,
1095 1260 1139 1304 &5
1154 1261 1316 1324 gravior
1340 1256 1517 1304 videtur?
1552 1257 1676 1306 Alter
1697 1279 1775 1326 per

92 1327 224 1375 verba
238 1361 251 1382 ,
271 1340 475 1391 tanquam
485 1326 580 1390 Maj
586 1324 758 1373 estatem
766 1323 960 1373 laedentia
972 1343 1155 1392 propere
1163 1328 1411 1392 Imperatori
1423 1329 1605 1375 Tartaro
1617 1327 1775 1394 signifi-

92 1398 205 1445 cavit
219 1432 231 1455 ,
247 1390 316 1443 sed
330 1395 458 1443 literis
473 1397 496 1442 a
508 1395 610 1442 Kino
629 1396 871 1460 interceptis
879 1408 1036 1442 armata
1050 1413 1179 1442 manu
1190 1398 1233 1442 in
1247 1394 1403 1460 palatio
1414 1394 1489 1443 suo
1499 1399 1716 1463 oppressus
1727 1402 1774 1449 8<

92 1464 335 1513 interfe&us
345 1463 437 1513 fuit.
475 1467 676 1511 Tartarus
688 1463 933 1532 gliscentem
942 1463 1217 1512 exstin&urus
1224 1463 1516 1526 rebellionem,
1529 1468 1663 1514 varios
1673 1486 1775 1517 con·

92 1548 157 1582 tra
167 1553 266 1582 eum
289 1537 436 1581 Duces
466 1532 634 1599 ablegat
652 1567 666 1587 ,
701 1532 861 1582 merore
891 1533 1039 1599 paffim
1066 1536 1170 1599 Kino
1189 1570 1202 1594 ,
1230 1536 1276 1582 &
1302 1533 1559 1584 Australium
1588 1538 1774 1600 partium

94 1603 298 1652 Praefe5to
317 1606 361 1651 in
383 1604 532 1671 fugam
558 1601 691 1668 puls0.
737 1604 843 1668 Ejus
858 1601 1105 1669 exemplum
1123 1603 1286 1652 secutus
1302 1606 1527 1669 Liktrtngzus
1548 1642 1560 1664 ,
1595 1604 1679 1654 sive
1701 1610 1775 1653 Li»

95 1674 205 1736 Indus
219 1677 452 1740 Qantngae
464 1675 574 1720 Dux
598 1694 612 1731 3
648 1689 777 1737 quem
795 1671 906 1721 urbis
926 1672 1111 1732 Cancheu,
1133 1691 1228 1738 quae
1246 1671 1329 1720 sola
1340 1676 1526 1722 Tartaris
1549 1677 1592 1722 in
1611 1678 1776 1744 Qngsi

92 1743 179 1792 fida
188 1741 392 1791 manserat
412 1780 425 1802 ,
446 1741 661 1790 Praefectus
678 1740 865 1790 simulata
876 1742 1117 1791 defeffione
1127 1745 1417 1792 circumvenit.
1453 1746 1568 1791 Nam
1580 1744 1704 1793 literis
1720 1746 1775 1792 ad

94 1813 279 1875 Lihufiem
291 1812 467 1877 scriptiS,
487 1811 639 1859 urbem
656 1811 697 1858 se
717 1810 776 1858 illi
800 1812 1053 1860 traditurum
1065 1811 1264 1877 promisit.
1297 1816 1461 1861 Interea
1478 1832 1580 1861 vero
1598 1814 1704 1862 clam
1715 1833 1773 1863 ex

93 1883 230 1935 Fokien
248 1884 462 1930 Tartarica
476 1879 630 1929 auxilia
641 1880 772 1929 ηοᾶιι
785 1880 965 1929 immisit.
1001 1880 1167 1944 Lilnfits
1184 1900 1285 1929 cum
1306 1884 1414 1930 Sinis
1429 1917 1442 1940 ,
1460 1883 1566 1931 nihil
1596 1882 1694 1931 mali
1707 1882 1772 1930 su·-

91 1952 279 2016 spechns
293 1971 369 2017 per
380 1965 572 2017 patentes
590 1964 731 2016 portas
752 1950 902 1998 urbem
924 1951 1122 2016 ingressus
1140 1987 1153 2009 ,
1175 1969 1279 1999 mox
1301 1952 1494 2016 undique
1514 1952 1554 2000 se
1574 1956 1773 2002 Tartaro-

93 2039 189 2070 rum
205 2024 338 2087 copiis
359 2024 698 2069 circumventum
709 2021 817 2068 vidit
829 2057 842 2080 ,
861 2022 907 2068 &
919 2018 1107 2085 plurinus
1118 2019 1287 2068 suorum
1299 2021 1470 2081 amiffis,
1482 2021 1685 2088 ipseinter
1694 2041 1774 2070 cae-

95 2091 159 2140 sos
180 2090 408 2157 (nuspiam
428 2091 544 2138 enim
563 2089 840 2156 imposterum
854 2088 1083 2156 apparuit)
1112 2091 1275 2156 periiffe
1296 2091 1491 2139 creditur.
1532 2096 1628 2140 Hac
1652 2091 1772 2140 clade

96 2163 264 2227 Jungliez'
282 2178 344 2207 res
364 2159 477 2207 haud
493 2176 671 2225 parvum
689 2159 994 2207 detrimentum
1006 2174 1288 2225 acceperunt,
1305 2177 1550 2226 quanquam
1560 2163 1684 2209 Kimts
1693 2161 1770 2209 ali-

97 2231 306 2295 quamdiu
327 2228 504 2277 feliciter
520 2227 683 2275 bellum
703 2230 992 2286 continuaret,
1016 2231 1062 2276 &
1085 2231 1286 2276 Tartaros
1297 2228 1436 2277 multis
1456 2230 1603 2295 praeliis
1624 2231 1771 2295 profli-

96 2314 228 2365 garet.
267 2298 444 2348 Obseffa
463 2298 566 2346 inde
581 2297 766 2360 Karzcheu
789 2333 801 2356 ,
829 2315 959 2362 quam
979 2296 1106 2357 Kinus
1133 2297 1321 2345 adventu
1341 2300 1510 2346 Tartari
1530 2300 1680 2348 audito
1698 2300 1769 2347 de-
1809 2320 1899 2355 1<inus
1916 2319 1933 2351 >a

96 2369 218 2417 sereit
240 2372 420 2416 Boream
452 2365 589 2417 versus
616 2366 882 2414 contendens
909 2401 923 2421 ,
957 2368 1172 2414 Tartarica
1197 2365 1237 2415 se
1262 2366 1515 2432 tempestate
1533 2383 1766 2435 erepturus,
1786 2361 1918 2434 {agaris

98 2440 286 2486 Tartaris
295 2455 475 2485 numero
486 2472 499 2492 ,
510 2439 555 2485 &
568 2433 725 2483 robore
737 2434 1058 2502 praevalentibus
1071 2436 1347 2502 Muzchaszgum
1358 2435 1469 2502 fugit
1479 2441 1606 2503 Kz'mts
1617 2439 1657 2503 ej
1664 2457 1708 2486 us
1715 2440 1770 2486 ci»

100 2508 239 2556 vitatis
259 2506 300 2555 se
316 2507 558 2555 defensurus
568 2504 734 2554 viribus.

169 2577 611 2643 Tartari,quanquam
624 2573 1067 2623 validiffimoinstruffi
1082 2577 1294 2634 exercitu,
1310 2593 1400 2623 non
1422 2588 1566 2622 tamen
1587 2573 1671 2622 ausi
1680 2590 1768 2623 tan·
1807 2587 1925 2642 :sartari

103 2658 155 2692 tae
165 2646 276 2692 urbis
285 2640 657 2714 oppugnationem
669 2679 681 2701 ,
698 2642 811 2691 fame
827 2662 922 2692 eam
936 2645 1154 2711 urgebant.
1200 2646 1318 2692 Foffa
1335 2646 1527 2709 undique
1539 2644 1635 2692 urbs
1656 2645 1710 2692 ab
1722 2647 1768 2693 iis
1785 2629 1952 2702 ssssssdfflg

102 2713 300 2780 valloque
317 2717 574 2763 circumdata
597 2736 610 2773 3
650 2711 832 2761 fluvium
853 2713 1031 2761 navibus
1052 2713 1315 2762 claudebant.
1362 2713 1519 2761 Densae
1539 2714 1652 2762 intus
1668 2732 1767 2762 cum
1786 2720 1867 2752 gent·

104 2786 209 2845 Kino
229 2786 382 2850 copiae,
393 2788 438 2833 &
449 2799 693 2851 quanquam
705 2781 901 2848 copiosus
909 2798 1191 2841 commeatuS,
1206 2797 1401 2847 tempore
1412 2783 1767 2843 imminuebatur,

106 2854 223 2900 unde
240 2852 390 2913 fames,
407 2857 452 2903 3<
463 2854 701 2919 desperatio
713 2890 724 2912 ,
746 2854 850 2901 dum
861 2852 1002 2901 frustra
1012 2852 1475 2919 Jztrglietcsexpe&at11r.
1503 2854 1623 2900 Kimts
1634 2868 1769 2901 extre·
1822 2868 1913 2908 Rimas

103 2939 174 2969 ma
195 2922 362 2970 ausurus
379 2923 430 2970 ad
449 2923 581 2970 socios
601 2943 614 2982 3
654 2925 700 2969 U
701 2941 749 2976 na,
759 2957 774 2977 ,
794 2924 933 2988 inquit
949 2959 962 2981 ,
980 2927 1090 2969 armis
1091 2922 1176 2986 spes
1196 2948 1209 2978 ‚-
1227 2941 1294 2988 age
1305 2956 1318 2979 ‚
1334 2920 1515 2969 Tamaros
1524 2922 1678 2985 animoffi
1686 2938 1769 2986 per-
1787 2912 1950 2983 ᾗῇξέζῗῇἃ

102 3005 328 3054 rumpantur.
374 2994 635 3058 Praecipuum
660 2993 684 3038 a
704 2991 787 3039 lata
808 2990 877 3039 illa
889 2991 988 3039 foffa
1010 2991 1368 3057 impedimentum
1381 3027 1393 3049 ,
1410 3009 1538 3053 quam
1550 3005 1769 3056 utcunque
1789 3003 1922 3065 Psstsfflffl·

101 3074 388 3128 repugnarent
398 3062 566 3110 Tartari
578 3061 718 3122 ,Kinus
731 3064 922 3128 perrupit
932 3095 945 3118 ,
967 3063 1013 3111 &
1025 3059 1177 3125 majori
1189 3060 1359 3109 suorum
1368 3075 1487 3127 parte
1505 3062 1645 3110 amissa
1655 3063 1774 3108 vivus
1790 3045 1809 3077 p
1836 3060 1842 3067 “

1641 3128 1782 3180 evasit.
