2078 3427
344 85 413 147 eid
420 87 736 172 Magnum
750 83 1008 149 Tartariae
1023 89 1067 147 S
1070 89 1248 172 inaeque
1263 83 1522 166 Chamavi,
1685 102 1713 147 8
1727 110 1756 155 9

73 1451 198 1504 brem
206 1452 422 1519 ja&abant
431 1465 640 1502 montem.
681 1452 811 1503 Taffl
822 1451 912 1518 ejus
920 1451 1130 1503 desiderio
1146 1452 1323 1503 videndi
1343 1455 1544 1503 verticem
1563 1451 1646 1503 alte
1653 1454 1748 1503 urbi
1766 1471 1851 1521 Echio
1861 1475 1915 1515 mis

75 1526 461 1591 supereminentem
473 1523 745 1584 astendimu33
758 1523 949 1590 tubaque
957 1523 1200 1590 jucundum
1211 1526 1254 1572 in
1263 1543 1428 1573 morem
1440 1522 1601 1584 inflata,
1612 1542 1750 1591 reper³
1765 1513 1872 1548 ‘³b¹¹¹⁹·

76 1594 282 1643 cuffiones
293 1593 493 1641 sonorum
512 1593 729 1642 multoties
746 1611 848 1643 cum
870 1594 1152 1643 admiratione
1171 1598 1437 1661 percepimus
1448 1632 1462 1654 ,
1483 1612 1581 1642 cum
1599 1595 1750 1643 eadem

74 1683 165 1714 vox
183 1666 272 1730 pari
292 1665 577 1712 remitteretur
595 1663 866 1714 vehementia
877 1702 890 1725 ‚
910 1682 994 1731 qua
1009 1664 1149 1712 emiffa
1158 1663 1308 1713 fuerat.
1343 1667 1518 1713 Vicinus
1529 1662 1750 1731 Tnglitggae

76 1752 200 1782 mons
213 1735 235 1781 a
246 1735 389 1799 prunis
400 1736 662 1782 Armeniacis
670 1735 967 1783 denominatus
979 1738 1041 1783 H
1040 1736 1307 1801 ing,quorum
1320 1734 1379 1781 ibi
1388 1734 1494 1782 uber
1504 1749 1747 1799 proventus.

77 1805 248 1852 Animis
259 1802 567 1869 aliquantulum
588 1804 662 1868 huj
669 1822 715 1851 us
732 1803 816 1851 loci
829 1802 1068 1870 spefitaculo
1084 1804 1266 1863 refeffis,
1286 1803 1414 1852 altera
1425 1804 1495 1851 die
1504 1804 1683 1870 profeffl
1694 1803 1750 1851 ab

78 1888 260 1939 utraque
270 1875 363 1940 ripa
387 1872 682 1939 frequentibus
693 1873 987 1922 amoeniffimas
998 1887 1123 1922 terras
1132 1875 1252 1941 pagis
1266 1909 1278 1934 ‚
1297 1871 1435 1922 multo
1446 1872 1750 1940 populorefer-

77 1945 144 2004 tis,
158 1945 614 2011 praeternavigavimus.

145 2015 297 2062 Tertia
304 2011 414 2075 Maji
433 2011 666 2061 Castellum
686 2015 731 2063 U
744 2016 775 2061 P
787 2016 831 2063 U
843 2015 891 2062 N
913 2014 1013 2080 ripae
1030 2016 1176 2078 Kiangz'
1193 2012 1445 2062 incumbens
1458 2012 1497 2062 se
1508 2013 1749 2068 ostentavit,
1765 2022 1929 2056 Castellum

76 2085 194 2134 haud
205 2082 337 2150 longe
351 2084 541 2149 Oppido
555 2086 601 2130 U
590 2083 647 2148 fu
661 2117 675 2139 2
684 2083 887 2150 quadrata
900 2082 1038 2131 forma
1050 2084 1214 2150 ingenti
1224 2102 1279 2132 ex
1289 2083 1511 2132 coitilibus
1523 2102 1646 2132 muro
1657 2082 1748 2132 mil·
1767 2067 1826 2109 ω’
1836 2079 1857 2098 '³
1870 2077 1900 2098 κ’

77 2153 118 2202 le
129 2154 412 2202 ducentorum
423 2152 541 2201 abitu
552 2153 745 2218 passuum
758 2191 771 2214 ‚
789 2154 942 2221 viginti
953 2152 1076 2218 super
1086 2171 1213 2219 aquas
1224 2156 1440 2202 eminente
1450 2189 1464 2209 ‚
1485 2167 1609 2202 tanto
1616 2153 1747 2201 artifi<

77 2226 147 2271 cio
152 2263 164 2284 ‚
178 2237 225 2270 ut
238 2227 547 2288 Europaeorum
558 2224 730 2290 ingenia
741 2240 974 2288 provocare
983 2223 1121 2287 poffit.
1140 2224 1299 2271 Medio
1310 2222 1397 2285 ejus
1407 2222 1597 2289 planities
1609 2226 1746 2289 Pago·

79 2293 139 2340 do
153 2291 274 2351 sacra,
284 2292 402 2354 cujus
413 2305 560 2340 vertex
578 2293 623 2338 in
641 2291 819 2339 sublime
830 2292 1039 2358 assurgens
1055 2306 1249 2340 naturam
1260 2291 1359 2339 loco
1370 2292 1594 2340 altitudine
1609 2292 1677 2339 sua
1686 2294 1748 2338 in-

77 2361 200 2428 super
220 2361 490 2428 conspicuam
507 2359 619 2408 facit.
649 2361 863 2408 Nondum
875 2361 963 2409 dies
982 2375 1071 2408 erat
1090 2361 1236 2409 exa&a
1245 2395 1258 2416 ,
1281 2379 1381 2408 cum
1392 2362 1625 2427 Oppidum
1638 2364 1684 2408 U
1685 2360 1746 2423 fh,
1768 2354 1933 2432 [Jlfficfflnt

78 2432 145 2480 vel
161 2435 204 2479 U
205 2433 276 2479 uhu
286 2431 519 2479 secundum
529 2430 761 2478 undecimae
773 2431 971 2478 Civitatis
981 2428 1142 2497 Taiping
1152 2431 1447 2496 navigantibus
1456 2434 1638 2479 occurrit
1647 2464 1659 2485 2
1673 2430 1747 2476 ubi
1765 2425 1848 2483 grint,

79 2504 124 2549 in
136 2501 226 2567 ipso
237 2500 454 2560 suburbio,
466 2499 539 2546 ubi
553 2502 673 2547 turris
683 2498 831 2548 obtusa
845 2498 1068 2548 altitudine
1079 2539 1092 2560 ‚
1106 2518 1231 2548 naves
1242 2499 1398 2548 nostras
1412 2500 1625 2549 moenibus
1635 2499 1748 2549 urbis

81 2569 351 2636 alligavimus.
389 2570 626 2635 Oppidum
637 2569 814 2618 insulam
826 2568 974 2634 IQngi
992 2568 1145 2619 insidet
1163 2570 1356 2635 undique
1367 2572 1457 2634 ejus
1465 2572 1663 2637 divergiis
1673 2573 1747 2617 cir-

80 2640 310 2688 cumfluam
330 2663 343 2700 3
365 2657 470 2687 mox
487 2639 736 2705 Nankingcmz
746 2638 902 2697 versus,
912 2638 1038 2686 alveis
1053 2641 1206 2687 iterum
1218 2641 1423 2699 adunam,
1432 2657 1522 2686 uno
1533 2638 1656 2687 alveo
1667 2639 1746 2687 fer-

84 2721 160 2755 tur.
175 2708 381 2757 Suburbia
391 2707 561 2774 populo
571 2707 918 2773 commerciisque
929 2707 1061 2756 multa
1072 2708 1164 2767 alia,
1173 2724 1269 2773 quae
1280 2709 1479 2757 meientis
1490 2707 1612 2756 nobis
1619 2708 1747 2756 obvia

88 2777 283 2843 Oppida,
292 2778 351 2825 ob
363 2778 571 2826 telonium
580 2776 773 2845 veffigali
794 2779 815 2824 zi
827 2778 1272 2843 praeternavigantibus
1281 2778 1519 2845 exigendO,
1540 2776 1745 2843 superant.

88 2847 297 2910 Undique
308 2846 437 2896 insula
456 2846 784 2913 propugnaculis
794 2847 957 2894 munita
967 2884 979 2906 ,
989 2847 1058 2894 sed
1069 2847 1191 2911 quod
1203 2865 1365 2894 novum
1374 2846 1497 2893 nobis
1507 2847 1663 2913 absque
1674 2850 1749 2895 mi-

88 2913 176 2973 lite,
184 2915 399 2979 armisque.
433 2920 553 2964 Tota
564 2918 662 2964 Sina
673 2915 842 2964 celebre
853 2914 913 2961 ob
925 2933 1139 2962 armorum
1153 2916 1353 2964 faeiuram
1366 2917 1599 2981 Oppidum
1622 2940 1635 2978 3
1660 2917 1750 2965 nul-

89 2983 164 3030 libi
177 3001 231 3031 eo
241 2984 417 3030 artificio
429 2988 474 3034 8<
486 2998 769 3049 temperatura
779 2983 1112 3050 procudentibus
1123 2983 1217 3034 aliis,
1256 2983 1438 3032 Culullis
1448 2985 1617 3051 insuper
1629 3023 1641 3046 ,
1660 2988 1752 3052 qui-

88 3052 168 3100 bus
177 3066 335 3118 potum
348 3052 522 3118 Sampson
533 3055 815 3122 ingurgitant,
826 3055 907 3102 toti
922 3055 1031 3102 Sinae
1043 3052 1261 3120 prospicit,
1270 3072 1349 3103 nec
1360 3055 1474 3103 enim
1487 3054 1583 3104 alibi
1596 3072 1755 3122 parare]

1086 3125 1140 3170 M
1687 3141 1759 3170 aut
