2150 3370
309 176 366 228 ςθ
688 156 827 214 Pars
836 152 999 234 prium
1017 150 1301 238 Legationis
1320 155 1586 218 Patavicae

360 1525 544 1571 Decima
564 1523 741 1589 septima
761 1524 911 1570 Martii
944 1523 1067 1570 Anni
1101 1519 1307 1569 millesimi
1336 1518 1595 1569 sexcentemi
1627 1521 1970 1591 quinquagesimi

290 1592 394 1642 sexti
416 1595 598 1657 Kantona
621 1592 787 1659 digreffi
807 1592 1028 1658 (Pekingenst’
1046 1594 1127 1640 iter
1137 1590 1416 1657 suscepimus,
1434 1591 1573 1638 fluvio
1588 1587 1672 1653 Tay
1681 1624 1696 1646 ,
1709 1609 1793 1656 qua
1805 1596 1969 1643 moenia
1992 1653 1997 1658 ἱ

289 1663 543 1726 Kmtonenlta
563 1661 746 1728 stringit,
769 1664 893 1708 remis
914 1658 1103 1727 velisque
1122 1660 1310 1709 subvecti
1333 1682 1347 1720 3
1383 1659 1500 1707 unde
1521 1658 1829 1725 pulcherrimus
1852 1662 1968 1711 urbis

287 1731 587 1779 obversabatur
605 1731 870 1798 prospectus,
888 1744 979 1779 tota
1000 1732 1047 1779 in
1064 1730 1230 1779 abitum
1241 1728 1431 1779 nostrum
1441 1728 1581 1777 faustis
1591 1728 1967 1781 acclamationibus

288 1802 459 1849 civitate
479 1801 631 1860 effusa,
653 1804 698 1850 &
716 1802 913 1867 undique
939 1814 1257 1849 tormentorum
1281 1798 1706 1866 bombardarumque
1729 1799 1969 1869 fragoribus

289 1883 397 1918 terra
419 1884 654 1930 tremente,
680 1868 848 1936 ignibus
864 1870 1042 1918 ardente
1060 1873 1168 1919 acre.
1201 1868 1430 1934 Postquam
1452 1886 1612 1935 magno
1631 1869 1715 1916 hoc
1733 1868 1871 1918 fluvio
1894 1870 1968 1920 ali-

287 1939 478 2003 quandiu
491 1940 681 2004 proveffi
693 1939 867 1986 effemus
877 1975 889 1997 ‚
904 1941 1084 1986 Boream
1103 1938 1242 1988 versus
1262 1938 1416 1986 ostium
1427 1938 1549 1986 fluvii
1562 1941 1623 1985 X
1620 1942 1669 1998 in,
1681 1957 1813 2004 quem
1825 1944 1966 1989 Euro-

286 2010 365 2072 paei
378 2045 390 2067 ,
411 2007 550 2055 nescio
562 2028 647 2074 qua
663 2009 718 2056 de
727 2007 845 2055 causa
856 2045 868 2067 ,
879 2012 1141 2074 Europaeum
1153 2021 1332 2067 vocant,
1351 2006 1391 2055 se
1405 2009 1450 2054 in
1464 2005 1891 2074 Tcyfumexonerantis
1901 2012 1966 2058 in·

102 2071 256 2153 Χξὲἑὲζξῃ
287 2077 406 2144 greffi
418 2114 430 2136 ,
456 2077 627 2143 vespera
649 2080 693 2125 in
705 2078 876 2126 noffiiem
894 2092 1100 2146 vergente
1118 2096 1279 2145 pagum
1301 2079 1328 2124 S
1343 2082 1385 2126 A
1401 2079 1446 2124 H
1457 2080 1501 2127 U
1517 2077 1729 2143 primailla
1738 2079 1808 2126 die
1823 2082 1965 2147 attigi-

102 2155 122 2209 δ
134 2164 152 2185 Α
164 2164 185 2184 H
197 2166 224 2187 u.
285 2164 386 2195 mus.
419 2150 504 2194 Sex
516 2149 716 2195 horarum
724 2149 998 2214 navigatione
1010 2146 1194 2209 I<antona
1203 2150 1234 2196 is
1248 2146 1371 2197 distat
1380 2184 1392 2208 ,
1403 2143 1567 2195 ambitu
1578 2149 1740 2216 exiguo
1751 2151 1798 2198 8<
1807 2149 1965 2198 rusticis
2005 2211 2009 2218 ἱ

284 2215 380 2264 casis
391 2216 548 2264 referto
562 2254 574 2277 ‚
594 2235 774 2282 quarum
785 2219 1041 2265 tenuitatem
1053 2217 1217 2281 aliquot
1230 2235 1384 2286 magna
1403 2217 1581 2265 aedificia
1591 2217 1805 2268 attollunt.
1839 2222 1962 2285 Ager

282 2288 293 2332 i
299 2285 369 2351 pse
379 2285 550 2352 frugum
563 2288 681 2335 dives
693 2325 706 2345 ‚
726 2286 943 2334 arboribus
955 2287 1101 2352 paffim
1114 2326 1127 2347 ,
1142 2286 1415 2354 'collibusque
1425 2288 1478 2335 ad
1495 2286 1809 2350 jucunditatem
1819 2288 1962 2336 distin-

282 2355 381 2402 cius.
415 2354 569 2403 Incolae
591 2370 778 2404 textores
788 2356 901 2403 serici
914 2393 926 2416 ,
948 2358 1067 2405 unde
1087 2375 1242 2425 magna
1253 2357 1355 2406 inde
1366 2356 1419 2405 ad
1432 2358 1587 2405 vicinas
1597 2357 1720 2405 urbes
1738 2360 1863 2422 copia
1883 2357 1960 2405 de-

280 2424 427 2484 fcrtur‘³
438 2426 483 2472 8<
497 2425 595 2471 hinc
607 2424 840 2490 opulentia.
879 2426 1022 2474 Nocte
1043 2426 1103 2473 ibi
1125 2428 1294 2487 exa&a,
1314 2427 1391 2474 sub
1402 2440 1546 2474 ortum
1560 2426 1666 2474 Solis
1677 2427 1843 2493 digressi
1856 2463 1868 2486 ,
1886 2427 1959 2474 de-

282 2497 390 2541 eima
409 2496 524 2541 nona
535 2527 548 2548 ,
563 2495 658 2560 post
679 2494 833 2542 multos
850 2493 1014 2542 labores
1030 2496 1181 2546 urbem
1202 2504 1269 2548 X
1268 2500 1383 2544 anxm'
1402 2497 1445 2542 in
1466 2495 1696 2562 conspetstu
1716 2495 1956 2557 habuimus,

282 2562 429 2628 ibique
437 2563 557 2628 jafiris
575 2566 739 2611 ancoris
753 2563 1018 2612 substitimus.

100 2630 237 2703 &2bess
351 2637 398 2681 X
412 2637 454 2680 A
467 2636 510 2680 N
523 2635 653 2682 XUI
681 2634 960 2681 undecimum
981 2634 1241 2701 Metropolis
1262 2633 1456 2696 Kantonae
1474 2635 1688 2701 oppidum
1707 2648 1883 2682 centum
1907 2637 1956 2684 Sc

100 2693 259 2754 ‘mimmii
284 2702 592 2767 quinquaginta
607 2706 670 2766 Ly
683 2702 737 2750 ab
751 2702 857 2750 urbe
868 2706 1049 2769 Kantona
1060 2702 1132 2751 sita
1145 2704 1216 2753 est.

97 2756 263 2798 ²¹‘Pelluns'
352 2771 412 2833 Ly
424 2787 579 2819 vocant
591 2772 780 2820 Sinenses
791 2772 1042 2832 distantiam,
1051 2775 1157 2822 intra
1169 2791 1299 2840 quam
1310 2792 1398 2821 vox
1410 2772 1593 2820 hominis
1602 2771 1817 2821 clamantis
1827 2790 1955 2821 exau-

284 2838 363 2884 diri
381 2839 517 2902 potest
529 2877 541 2898 ‚
561 2844 655 2889 acre
667 2841 868 2908 coeloque
878 2842 1121 2908 tranquillo.
1154 2846 1217 2908 Ly
1228 2846 1356 2911 igitur
1368 2842 1545 2890 stadium
1555 2841 1642 2889 fere
1654 2856 1789 2907 aequat
1799 2878 1812 2902 2
1832 2842 1954 2907 quod

282 2921 455 2953 centum
478 2912 788 2977 quinquaginta
809 2912 991 2977 pastibus
1008 2912 1187 2974 constat,
1203 2916 1248 2961 8<
1261 2930 1445 2979 quorum
1455 2911 1545 2959 duo
1558 2929 1607 2960 ac
1617 2914 1768 2980 viginti
1780 2910 1954 2979 vulgare

284 2973 458 3022 milliare
470 2978 777 3027 Germanicum
789 2981 1036 3030 conficiunt.

351 3044 465 3094 Urbs
496 3047 584 3093 haec
618 3047 774 3096 dextrae
796 3048 981 3098 fluminis
1003 3054 1103 3118 ripae
1120 3050 1247 3100 adsita
1260 3087 1272 3110 ,
1293 3051 1619 3117 pulcherrimam
1638 3050 1791 3099 vallem
1811 3050 1953 3098 media

281 3112 576 3179 cornpleftitur
586 3151 599 3174 ‚
618 3118 834 3166 montibus
850 3120 950 3167 hinc
971 3119 1356 3187 inde‚collibusque
1367 3123 1411 3169 in
1421 3119 1571 3170 orbem
1585 3121 1731 3171 cincia.
1765 3118 1952 3168 Ambitu

1857 3204 1950 3236 non
