2114 3412
0 731 25 960 w-mtv—-n-
2 723 5 726 ›
0 659 9 714 ‚va-o
3 629 7 643 ,-

371 152 436 212 ad
445 155 755 240 Magnum
773 150 1028 214 Tartarise
1044 155 1266 239 Sinaeque
1281 152 1537 234 [hamum.
1676 178 1697 215 1
1707 179 1737 225 7
1744 181 1765 226 :3

113 263 420 313 commoditate
446 258 538 307 usus
557 296 569 318 ,
597 258 742 307 denuo
774 257 1004 324 collapsum
1034 262 1301 326 Imperatoris
1323 259 1523 309 Palatium
1546 263 1771 329 ingressiis,

111 336 249 382 ruinas
259 348 476 378 murorum
489 331 533 376 &
544 328 744 396 congesta
758 329 908 376 rudera
916 328 1113 377 ultimum
1125 328 1303 377 lustravi.
1338 333 1415 377 Per
1434 331 1623 379 foramen
1635 333 1769 396 quod—

110 404 208 450 dam
227 401 278 447 ad
299 401 495 446 interiora
517 397 638 460 super
650 396 826 444 cumulis
844 397 1149 446 confi-aerarum
1172 397 1463 446 struffturarum
1476 417 1697 465 penetrans
1713 420 1767 448 eo

111 472 227 527 veni,
249 468 322 516 ubi
341 466 444 515 olim
466 466 542 532 ipsi
562 470 840 531 Imperatores
857 467 1179 515 habitaverant-2
1204 468 1288 514 Sed
1298 471 1440 516 omnia
1454 472 1620 534 penitus
1632 472 1773 518 diruta

111 538 353 603 &dejecla2
373 535 477 584 nihil
495 538 671 603 integri,
689 535 758 582 sed
771 535 902 583 moles
922 535 1127 595 confusae,
1148 536 1418 605 acindigestae
1430 538 1766 605 pristinamquasi

107 607 470 676 magnificentiam
484 604 833 659 lamentabantur.

177 675 321 725 Altera
344 676 415 723 die
425 672 899 740 hybernalesventitam
917 677 1112 722 atrociter
1121 672 1282 729 saevire,
1303 688 1350 722 ut
1363 689 1480 723 extra
1493 675 1660 741 scaphas
1669 695 1765 741 pro-

104 746 261 813 spicere
272 747 345 793 vix
365 744 530 798 liceret,
549 745 716 794 nivibus
736 759 821 792 tam
842 744 969 793 dense
991 744 1261 799 cadentibus,
1282 760 1330 792 ut
1347 745 1493 793 oculos
1514 745 1764 812 praestringe-

103 830 199 864 rent
213 817 259 863 8<
272 815 388 863 teitis
407 814 560 861 aedium
572 850 585 873 ,
604 828 693 862 tota
714 815 785 862 die
797 830 884 860 non
895 813 1146 879 liquescens,
1168 813 1399 862 incubaret.
1442 817 1617 882 Legati,
1635 810 1766 879 quan-

105 903 235 950 quam
258 882 397 931 multis
426 881 527 929 locis
556 883 609 931 ad
638 884 831 931 convivia
857 885 1020 931 invitati
1040 918 1052 939 ,
1083 896 1258 949 propter
1278 883 1530 950 tempestatis
1548 883 1761 942 saevitiem,

103 953 295 1019 nuspiam
316 952 516 1019 progredi
534 968 743 1017 poterant.
781 954 975 1000 Tantum
991 953 1097 1000 duos
1110 952 1360 1000 Publicanos
1377 951 1613 1018 supremOS,
1632 955 1705 1019 qui
1720 955 1762 999 in
1781 956 1947 1028 sIgeg‘ffw}

103 1022 306 1071 suburbio
319 1020 591 1080 habitabant,
611 1039 794 1088 quorum
805 1039 913 1069 unus
928 1023 1025 1069 Sina
1037 1057 1051 1078 ,
1069 1021 1171 1069 alter
1180 1024 1400 1082 Tartarus,
1419 1037 1598 1088 uterque
1606 1041 1762 1090 magna
1781 1007 1943 1070 &isitius-0³

102 1092 358 1140 authoritate
373 1090 602 1156 spefflabilis
621 1127 634 1150 ,
667 1090 883 1140 visitarunt
906 1124 920 1145 ,
948 1092 971 1137 a
992 1091 1145 1155 quibus
1161 1091 1358 1139 tubarum
1376 1107 1762 1157 tympanorumque
1779 1091 1840 1112 ¹¹03·

100 1160 207 1208 festo
226 1158 426 1227 applausu
437 1162 607 1226 excepti
627 1160 759 1225 usque
773 1162 818 1207 in
829 1159 1004 1207 multam
1021 1160 1193 1208 no&em
1214 1163 1324 1207 inter
1335 1162 1443 1208 varia
1463 1159 1675 1225 colloquia
1687 1163 1762 1209 de-

102 1229 416 1278 tentifuerunt.v
436 1231 590 1297 Legati
610 1230 664 1277 ad
686 1233 842 1295 Papam
861 1227 931 1278 vel
951 1228 1221 1276 Sacerdotem
1241 1228 1388 1276 famofi
1403 1231 1580 1294 Pagodae
1589 1232 1763 1279 Paolt'nxi

102 1318 174 1348 me
184 1301 418 1348 adventurn
438 1316 586 1347 eorum
607 1302 856 1346 nunciatum
867 1332 884 1353 ‚
900 1300 946 1346 &
960 1299 1311 1365 ichnographiam
1323 1299 1503 1365 Pagodae
1514 1335 1526 1358 ,
1546 1316 1671 1364 quam
1683 1302 1765 1366 pri-

103 1386 179 1433 mo
190 1370 377 1418 adventu
386 1367 530 1415 nostro
541 1368 808 1434 promiserat,
826 1369 1008 1434 petitum
1020 1405 1032 1428 ,
1051 1367 1313 1434 ablegarunt.
1350 1370 1528 1416 Perierat
1547 1386 1724 1434 quoque
1742 1371 1766 1416 ἂ

102 1440 275 1505 Legatis
285 1473 298 1494 ,
315 1452 362 1485 ut
374 1437 519 1485 saxum
528 1440 741 1485 memoriae
752 1453 855 1503 ergo
869 1473 881 1496 ,
896 1438 964 1482 cui
975 1439 1136 1484 Latinis
1147 1436 1271 1484 literis
1282 1473 1294 1495 ,
1313 1439 1445 1501 qui&
1458 1455 1587 1502 quare
1598 1432 1653 1484 eo
1669 1438 1768 1486 loco

102 1508 294 1567 fuifl'ent,
314 1506 603 1554 inscriberetut
613 1542 625 1565 ,
645 1508 857 1574 erigerent
878 1523 926 1553 ac
937 1506 1115 1571 piam-as
1123 1504 1232 1559 suaS,
1247 1507 1355 1553 inter
1366 1508 1519 1571 Longcvs
1531 1505 1613 1555 {ive
1627 1511 1767 1573 praeci—

103 1595 213 1642 puos
231 1575 410 1630 san&os‚
422 1575 740 1623 constituerent.
770 1579 869 1642 Ego
880 1576 1083 1643 imagines
1093 1578 1354 1640 Legatorum
1366 1574 1498 1642 gypso
1511 1578 1712 1641 expressas
1722 1580 1765 1624 in

104 1647 320 1711 praecipuo
334 1644 508 1712 Pagoda
519 1643 733 1709 stylobatae
745 1646 910 1693 innixas
921 1682 936 1704 ,
957 1646 1024 1692 cui
1035 1643 1250 1709 inscriptio
1258 1647 1433 1704 Latina,
1453 1662 1581 1709 quam
1590 1645 1666 1712 ipsi
1676 1646 1767 1712 sup—

105 1716 395 1780 peditaveram
408 1752 421 1773 ,
436 1712 562 1761 incisa
572 1728 673 1772 erat,
700 1713 906 1780 Rogabat
921 1713 1015 1760 ‘num
1025 1718 1141 1760 onmia
1151 1716 1268 1772 refle,
1289 1714 1430 1761 dicens
1442 1715 1658 1780 Oisyrapano
1669 1717 1767 1779 Pop„

44 1846 46 1848 V
102 1787 178 1847 san.
212 1783 455 1850 Respondi:
477 1786 535 1830 H
534 1783 688 1830 ollandos
710 1787 879 1849 imagines
896 1784 1048 1830 libenter
1068 1783 1211 1841 videre,
1227 1783 1298 1845 βτί
1314 1803 1383 1830 non
1407 1787 1442 1830 in
1463 1786 1615 1847 templis.
1654 1784 1768 1831 Post-

106 1871 233 1919 quam
241 1855 386 1901 omnia
397 1852 662 1900 lustraveram
672 1855 717 1901 8<
730 1851 1182 1918 templilciagraphiam
1195 1869 1439 1917 acceperam
1452 1888 1463 1911 ,
1475 1852 1710 1901 humaniter
1721 1856 1768 1902 &

106 1922 360 1983 valedicens,
379 1923 432 1970 ad
445 1921 608 1969 nostros
618 1923 736 1969 redii.

176 1993 359 2040 Decima
370 1992 630 2040 Novembris
645 1992 862 2057 Nankitggae
875 2029 888 2050 ‚
911 2009 1020 2058 aegre
1039 1990 1216 2039 navibus
1235 1994 1280 2040 82.
1302 1991 1436 2038 nautis
1452 1991 1683 2055 impetratis
1694 1991 1770 2038 dis·

108 2061 309 2110 cessimus.
345 2061 531 2109 Decima
542 2063 689 2126 quinta
700 2059 906 2108 excelsam
917 2078 1084 2126 rupem,
1094 2078 1223 2126 quam
1235 2062 1375 2127 primo
1386 2059 1558 2107 tranfitu
1569 2060 1712 2108 nostro
1725 2063 1769 2108 in

107 2134 356 2179 memoriam
370 2131 549 2179 Wlhelrni
557 2131 700 2178 vander
711 2130 847 2184 Beeck‚
860 2129 1178 2195 OEeeckenlmrgum
1196 2128 1557 2196 appellaveramus
1568 2166 1582 2189 ,
1601 2145 1767 2194 praeter-

106 2199 215 2248 veffi
228 2199 395 2247 suimus.
430 2199 602 2246 Fluvius
619 2199 755 2264 Kiang
771 2196 964 2248 hocloco
974 2198 1370 2248 dimidiilatitudine
1381 2197 1584 2252 milliaris,
1604 2214 1766 2264 tempe-

106 2269 300 2329 statibus,
319 2282 392 2317 aut
403 2268 555 2332 hyeme
566 2269 792 2333 grassante,
815 2286 895 2315 nec
915 2270 1077 2326 mitius,
1093 2286 1222 2332 quam
1244 2267 1379 2332 ipsum
1399 2285 1511 2314 mare
1532 2266 1653 2314 saevit.
1691 2269 1766 2315 Ad

106 2339 299 2386 dextram
315 2338 459 2386 brevia
472 2374 484 2398 ,
504 2340 549 2385 &
571 2336 647 2385 sub
662 2338 777 2384 vadis
786 2335 956 2384 latentia
968 2336 1059 2383 laxa
1072 2372 1085 2395 ,
1100 2337 1253 2400 quibus
1265 2335 1412 2400 scapha
1423 2339 1701 2401 interpretum
1712 2335 1768 2384 al-

104 2407 195 2468 lisa,
214 2425 372 2474 magno
392 2407 599 2455 foramine
619 2407 661 2452 in
675 2408 812 2452 carina
830 2404 1071 2452 dehiscebat
1082 2441 1094 2463 ,
1111 2407 1228 2469 aquis
1239 2420 1352 2453 tanta
1362 2406 1487 2469 copia
1497 2406 1764 2471 irrumpenti-

107 2477 206 2532 bus,
220 2492 268 2525 ut
279 2491 503 2524 momento
515 2473 628 2541 quasi
637 2472 914 2522 submersioni
925 2476 1118 2539 proxima
1129 2474 1227 2522 effet
1239 2513 1253 2534 ,
1277 2478 1322 2523 &
1341 2490 1439 2520 cum
1448 2489 1597 2522 ventus
1605 2477 1762 2522 interea

106 2546 346 2612 impetuoso
357 2547 534 2604 reflaret,
546 2562 674 2592 nemo
686 2546 729 2591 in
740 2542 943 2591 auxilium
954 2545 1297 2609 appropinquare
1307 2542 1423 2592 ausus
1432 2541 1525 2591 fuit.
1559 2544 1762 2590 Tandem

109 2616 203 2680 post
214 2615 395 2663 multum
405 2615 594 2662 laborem
606 2614 754 2678 scapha
767 2615 920 2660 iterum
932 2612 1107 2661 liberata
1118 2648 1131 2673 ,
1147 2614 1236 2662 fere
1247 2614 1378 2662 noffitis
1388 2613 1441 2660 ad
1453 2611 1656 2678 reliquam
1667 2611 1762 2660 clas

107 2681 193 2730 sem
208 2685 434 2749 Anhingam,
454 2685 527 2732 ubi
541 2682 869 2749 expetstabamus
878 2719 891 2742 ,
905 2681 1078 2748 appulit.

178 2753 361 2801 Decima
371 2757 486 2802 nona
496 2753 643 2802 occaso
655 2751 753 2800 Sole
768 2751 1026 2816 Nankngam
1035 2752 1237 2799 venimus.
1257 2754 1421 2798 Ventus
1441 2764 1527 2797 tam
1549 2750 1766 2798 vehimens

111 2832 202 2867 tota
221 2821 344 2869 noble
366 2823 584 2881 saeviebat,
603 2837 650 2870 ut
669 2839 796 2869 naves
814 2821 961 2868 nostrae
981 2821 1072 2884 ejus
1089 2822 1252 2885 impetu
1266 2818 1440 2866 vinculis
1458 2817 1600 2866 solutae
1612 2822 1767 2869 mutuis

113 2888 262 2937 ictibus
275 2887 311 2937 se
322 2891 588 2940 verberarent
599 2928 611 2952 ,
628 2909 677 2938 ac
696 2908 802 2957 aegre
812 2891 861 2936 ²in
879 2889 1054 2937 statione
1062 2890 1270 2936 contineri
1281 2889 1453 2952 possent.
1490 2890 1592 2934 Haec
1602 2901 1766 2954 tempe-

113 2957 191 3005 stas
201 2956 356 3023 absque
367 2959 494 3025 pausa
514 2961 567 3009 ad
587 2957 828 3028 vigesimam
841 2961 1019 3026 primam
1032 2958 1195 3006 duravit
1205 2994 1217 3016 ,
1236 2972 1328 3005 tum
1340 2958 1475 3004 ventis
1487 2955 1769 3023 aliquomodo

113 3026 256 3075 sedatis
268 3064 279 3086 ,
299 3029 378 3074 iter
386 3029 572 3077 nostrum
583 3048 659 3096 per
673 3047 784 3077 mare
795 3030 917 3092 Poyan
929 3026 1227 3095 prosequentes
1238 3063 1250 3085 ,
1268 3028 1321 3074 ad
1332 3042 1490 3092 pagum
1509 3026 1683 3074 navibus
1700 3045 1771 3074 co-

114 3095 280 3162 piosum
299 3099 470 3162 Ucinjeen
480 3098 739 3165 appulimus,
757 3101 918 3161 &mox
939 3098 1058 3146 novis
1069 3095 1285 3162 helcyariis
1301 3095 1498 3150 instruffi,
1511 3095 1771 3143 disceffimus.

192 3181 194 3183 ·
1055 3170 1094 3213 Υ
1133 3184 1157 3231 3
1629 3168 1775 3210 Incen-
