2114 3412
350 170 452 221 154
726 148 866 206 Pars
884 145 1026 203 tertia
1047 138 1326 228 Legationu
1346 143 1610 203 Batavicae

349 254 547 302 rientiam
569 249 691 306 nobis
710 247 978 315 praesentibus
997 250 1041 296 in
1057 250 1165 297 Sinae
1175 266 1305 297 manu
1316 250 1560 314 Scorpionis
1573 247 1657 297 ic'iu
1668 245 1754 296 laesa
1768 244 1869 295 fecit
1892 269 1904 307 3
1930 245 2027 311 vul-¹

348 324 438 370 neri
459 322 531 368 vix
550 319 650 386 lapis
663 320 859 368 admotus
870 357 882 379 ,
902 321 1007 385 quin
1027 337 1160 367 omne
1175 321 1283 366 virus
1295 321 1403 367 intra
1415 317 1698 366 musculorum
1712 317 1929 366 interstitia
1938 318 2020 368 dif-

348 390 486 440 fusum
498 426 511 450 ‚
528 388 756 456 repulsum,
765 392 808 438 8(
822 391 845 437 ἰι
854 387 997 456 lapide
1008 402 1123 437 tanta
1137 391 1420 455 proportione
1432 391 1478 436 8(
1489 387 1714 449 celeritate,
1725 406 1772 435 ac
1784 388 1806 434 a
1819 401 2019 454 magnete

347 460 504 508 ferrum
515 494 528 515 ‚
549 459 771 508 attractum
789 458 892 513 fuit,
912 472 959 506 ut
978 461 1077 506 Sina
1088 460 1242 506 veneni
1252 459 1339 522 jam
1350 458 1404 523 ad
1416 458 1545 518 hune,
1557 459 1694 506 modo
1707 456 1760 505 ad
1773 458 2019 505 viciniorem

347 528 482 596 plagae
501 528 644 576 locum
667 528 874 577 affluxum
897 529 1036 594 digito
1061 527 1307 576 monstraret
1317 563 1329 587 ‚
1350 531 1395 577 8(
1418 527 1520 593 lapis
1538 526 1624 588 jam
1636 526 1797 575 vulneri
1817 526 2018 575 contactu

347 601 513 657 unitus,
532 598 665 647 veluti
682 598 757 646 suo
777 598 923 645 officio
942 596 1089 662 probe
1103 597 1293 657 functus,
1315 599 1390 662 qui
1411 596 1545 664 plagae
1564 594 1891 663 inseparabiliter
1908 595 2019 644 fixus

348 666 592 726 adhaeserat,
609 667 678 715 sua
699 667 848 731 sponte
859 665 1056 732 delapsus.
1070 666 1290 715 hominem
1312 666 1509 732 perfectae
1521 665 1680 714 sanitati
1691 664 1874 730 reliquit.
1909 669 2018 722 Qo

349 738 649 802 experimento
663 750 923 794 mmmmm,
944 754 1070 801 prece
1090 738 1136 784 8(
1158 737 1298 802 pretio
1310 736 1416 783 mihi
1436 734 1585 800 lapidis
1596 737 1839 799 portionem
1847 751 2019 800 compa-

350 808 453 862 ravi,
464 823 592 870 quem
603 807 625 852 ἐι
635 802 865 853 Tor'nione
875 806 928 852 ad
939 805 1121 852 formam
1129 805 1265 853 calicis
1282 806 1475 853 excavari
1483 804 1671 869 juffimus
1681 840 1693 863 ,
1702 820 1800 851 cum
1809 804 1877 868 cuj
1883 821 1929 850 us
1939 803 2018 852 fra-

349 876 532 941 gmentis
545 874 687 940 postea
698 877 739 922 in
752 877 886 922 caneri
898 876 1039 939 vipera
1051 873 1192 922 morso
1204 872 1440 940 periculum
1450 874 1734 938 feci,quorum
1746 870 1921 938 aliquod
1932 873 2020 921 vul-

346 945 436 990 neri
449 945 471 990 a
484 946 627 1009 vipera
639 946 732 991 cani
746 943 908 991 inflicto
917 961 1021 991 mox
1032 942 1273 1010 appositum
1284 978 1296 1002 ‚
1313 945 1504 1008 protinus
1523 945 1581 990 ita
1592 942 1761 991 cohaesit
1774 975 1788 997 ,
1813 942 2017 991 utdiffici-
2039 972 2044 976 -

346 1011 496 1059 liorem
506 1011 764 1059 avulsionem
777 1026 1003 1078 pateretur,
1011 1013 1175 1061 tamdiu
1186 1013 1364 1061 affixum
1377 1012 1534 1060 vulneri
1548 1050 1559 1070 ‚
1580 1013 1718 1061 donec
1729 1010 1886 1060 exfflsto
1898 1014 2019 1060 omni

351 1097 519 1128 veneno
536 1081 739 1129 hirudinis
749 1081 970 1143 :instarjam
983 1082 1090 1130 fiitur
1101 1081 1252 1148 sponte
1269 1081 1337 1129 sua
1350 1082 1566 1130 decideret
1577 1116 1589 1136 ‚
1616 1100 1705 1148 quo
1717 1080 1889 1151 peracto
1907 1083 2019 1129 canis

350 1148 552 1215 paulatim
564 1149 670 1198 liber
681 1151 899 1206 ziveneno,
910 1150 984 1198 etfi
999 1151 1218 1216 aliquanto
1230 1166 1427 1217 tempore
1436 1150 1645 1217 torpidus,
1663 1152 1716 1199 ad
1735 1151 1774 1200 se
1791 1147 1933 1198 tamen
1951 1168 2018 1197 re-

350 1219 429 1265 diit
439 1219 618 1284 pristinae
629 1218 791 1267 sanitati
803 1219 1021 1270 restitutus.
1061 1223 1135 1267 De
1147 1219 1382 1285 hocJapide
1403 1222 1452 1268 P.
1470 1224 1533 1267 M
1529 1220 1648 1269 iclmel
1654 1221 1765 1268 OEoim
1776 1221 1819 1266 in
1831 1218 1899 1268 sua
1911 1219 2021 1273 flora⁴

349 1287 512 1335 Sinensi
533 1290 728 1336 meminit
763 1307 773 1334 ε
812 1291 853 1335 In
879 1290 989 1338 India¹
1008 1292 1050 1337 Εἴ
1071 1289 1203 1356 Regno
1224 1288 1387 1346 Qansi
1405 1294 1441 1336 in
1452 1290 1675 1355 quorundam
1684 1295 1773 1338 certi
1774 1292 1920 1356 generis
1929 1291 2019 1337 Ser-

344 1370 518 1419 pentum,
537 1356 652 1423 (quos
672 1357 841 1404 Cobras
859 1357 914 1405 de
933 1357 1125 1417 Cabelo‚
1149 1359 1192 1406 id
1219 1359 1276 1407 est
1289 1395 1302 1417 ,
1320 1360 1514 1422 Capillatos
1539 1360 1732 1423 Serpentes
1755 1357 1931 1421 Lusitani
1950 1365 2016 1407 w>

349 1423 458 1489 cant)
478 1427 649 1489 capitibus
667 1427 757 1490 lapis
776 1430 953 1489 reperitur
974 1439 1098 1474 contra
1114 1430 1272 1490 morsus,
1290 1427 1419 1474 ibidem
1439 1428 1462 1474 a*
1488 1429 1716 1491 Serpentibus
1736 1428 1888 1493 infimos
1901 1427 2018 1474 homi·

351 1499 388 1541 ni
406 1495 498 1542 alias
505 1492 627 1559 spatio
648 1500 780 1560 viginti
800 1500 952 1562 quinque
970 1495 1140 1543 horarum
1159 1500 1355 1544 interitura
1407 1498 1529 1561 Lapis
1547 1497 1600 1543 hic
1617 1496 1790 1544 rotundus
1801 1533 1814 1557 ,
1831 1498 2017 1545 lenticulae

356 1567 424 1622 ris,
448 1580 490 1611 ut
505 1567 698 1627 plurimum
711 1565 867 1631 figurae,
885 1566 1054 1612 colorisin
1065 1566 1181 1613 medio
1199 1567 1271 1614 albi
1291 1603 1304 1626 ‚
1324 1568 1597 1613 &circumcirca
1607 1568 1754 1633 glauci,
1771 1581 1838 1613 aut
1854 1568 2018 1622 caerulei,-

350 1634 494 1681 ]›itliter·i
514 1635 712 1697 applicatus
729 1634 962 1698 perseipfiun
981 1635 1119 1695 haeret,
1138 1648 1272 1684 veneno
1292 1649 1380 1683 vero
1388 1635 1470 1700 jam
1486 1637 1610 1699 plenus
1629 1635 1770 1682 decidit.
1816 1636 1910 1683 Post
1929 1637 2019 1684 laffi

347 1703 530 1764 immerfits
543 1718 609 1767 per
619 1704 924 1767 aliquammorum
945 1704 1148 1770 adstutum
1166 1707 1371 1753 naturalem
1382 1703 1428 1770 se
1446 1704 1595 1753 reducit.
1631 1706 1750 1768 Lapis
1759 1704 1814 1752 hic
1826 1721 1895 1752 non
1906 1709 2016 1753 omni-

347 1770 410 1816 l²us
432 1777 624 1819 communis
645 1809 657 1831 ,
702 1793 715 1820 z
733 1776 864 1819 iterato
886 1776 1028 1821 vulneri
1044 1774 1230 1822 adhaereat
1250 1812 1262 1835 ,
1296 1779 1398 1823 virus
1415 1794 1513 1822 omne
1529 1775 1744 1841 exhaustum
1761 1774 1923 1839 nonfuit
1943 1808 1958 1829 ‚
1979 1775 2017 1836 fi

348 1857 416 1885 non
435 1841 622 1889 adhaereat
640 1875 654 1895 ,
690 1843 902 1889 moribundo
933 1843 1106 1908 indigente
1139 1844 1181 1891 de
1196 1845 1371 1908 stiperato
1394 1848 1516 1892 mortis
1539 1846 1694 1907 periculo
1725 1845 2013 1908 congratulatur.

345 1910 547 1957 Praeterea
568 1909 775 1958 referebat
796 1911 1045 1960 ssraclmmnes
1064 1914 1180 1960 hunc
1201 1912 1386 1978 lapidem
1406 1927 1493 1960 arte
1510 1912 1715 1971 aemulari,
1739 1930 1794 1959 ex
1817 1910 2013 1966 confusis,

346 1975 589 2037 hujusmodi
611 1981 720 2025 intra
743 1983 966 2045 Serpentes
986 1979 1160 2045 lapideis
1178 1980 1356 2028 frustulis
1370 2017 1382 2040 ,
1407 1980 1472 2028 vel
1486 1984 1612 2028 etiam
1632 1979 1819 2028 vitalium
1832 1999 1886 2029 ex
1896 1984 2014 2047 capi-

346 2047 415 2104 tis,
441 2048 579 2095 cordis
595 2082 607 2105 ,
633 2048 795 2112 hepatis
816 2083 828 2106 ,
860 2047 1141 2114 dentiumque
1159 2067 1241 2096 una
1258 2050 1384 2097 mistis
1406 2049 1674 2115 portionibus
1694 2064 1809 2098 terrae
1830 2049 2013 2118 sigillatae

342 2116 596 2174 conflantes,
615 2118 687 2181 qui
699 2117 848 2165 eadem
862 2152 874 2175 ,
890 2135 973 2182 qua
986 2117 1194 2178 naturalis,
1208 2118 1387 2185 polleret
1397 2122 1552 2168 virtute
1567 2141 1578 2178 3
1599 2137 1728 2184 quam
1740 2134 1871 2168 artem
1883 2138 2013 2168 nemo

345 2184 485 2232 adhuc
507 2187 528 2231 ’ὰ
548 2186 859 2246 OEmclmmnilms,
881 2201 953 2234 aut
974 2191 1109 2252 Joguis
1133 2190 1259 2236 etiam
1285 2207 1436 2256 magna
1458 2191 1648 2254 pecuniae
1668 2191 1709 2236 vi
1720 2188 1863 2236 oblata
1875 2191 2010 2255 impe-

345 2267 452 2301 trare
473 2256 627 2319 potuit.
670 2253 792 2302 lllum
804 2254 974 2303 calicem
987 2259 1029 2302 in
1040 2258 1217 2322 patriam
1227 2257 1347 2305 retuli
1359 2292 1373 2313 ,
1390 2259 1519 2323 quem
1539 2259 1773 2306 etiamnum
1793 2258 2012 2324 Amplissi-

346 2340 438 2369 mus
465 2326 539 2371 Vir
552 2324 709 2387 (Roetert
732 2328 854 2372 Ernst
877 2324 1078 2373 Scabinus
1089 2328 1134 2374 8(
1148 2329 1323 2375 Senator
1332 2326 1729 2375 Amstelodamensis
1739 2328 1846 2375 inter
1857 2330 2010 2376 rariora

347 2405 503 2439 naturae
528 2392 726 2441 miracula
747 2392 938 2444 reservat.

411 2463 619 2529 Regnum
641 2464 781 2527 Magni
804 2466 951 2529 ngoli
969 2498 982 2519 ,
1010 2466 1084 2528 qui
1107 2465 1221 2512 hunc
1244 2468 1454 2531 Legatum
1474 2466 1698 2533 magnifica
1717 2464 1771 2512 ad
1793 2467 2007 2533 Magnum
2078 2495 2079 2498 =

344 2532 546 2578 Tartariae
568 2533 762 2596 Sinaeque
781 2527 964 2593 [hasnum
981 2533 1145 2581 miserat
1164 2538 1326 2600 pomp&
1338 2572 1350 2594 ,
1368 2537 1545 2582 Boream
1562 2536 1693 2582 Indiae
1715 2548 1875 2598 partem
1892 2553 2008 2583 com-

343 2598 563 2665 plectitur,
583 2618 676 2665 quae
703 2616 853 2648 monte
875 2598 1042 2666 Cuttcafh
1066 2601 1183 2667 (jam
1203 2606 1419 2670 Dalanguer
1435 2602 1558 2667 dieti>
1576 2607 1761 2651 Oceano
1774 2638 1786 2660 ,
1802 2606 1847 2652 8(
1866 2604 2014 2652 flumi-'
2036 2656 2039 2662 x
2074 2631 2075 2634 =

343 2669 465 2716 nibus
478 2673 623 2734 Ganges
637 2670 786 2718 &Indi
797 2672 840 2717 in
852 2670 1002 2718 orbem
1017 2671 1236 2721 clauditur.
1272 2677 1371 2722 Hoc
1387 2675 1590 2743 Regnum
1604 2674 1739 2738 Mogol
1756 2671 1838 2721 five
1866 2676 2006 2739 Mogor
2072 2678 2075 2724 J

344 2739 365 2783 δι
386 2740 662 2787 Tartarorum
685 2742 810 2805 Rege
833 2776 846 2799 ‚
879 2742 953 2806 qui
977 2739 1080 2788 olim
1103 2741 1211 2789 hanc
1243 2756 1415 2810 gentem
1436 2741 1548 2788 ferro
1567 2739 1787 2807 subegerat
1807 2778 1820 2800 ,
1846 2759 2005 2790 nomen

345 2806 464 2854 suum
484 2808 678 2868 obtinet,
699 2811 741 2856 in
764 2811 874 2856 varia
895 2809 1350 2879 distinguiturRegna‘,
1366 2828 1550 2875 quorum
1570 2810 1707 2875 aliqua
1718 2809 1786 2858 alii
1802 2812 1919 2858 Duci
1932 2829 2003 2876 pa·
2070 2803 2072 2827 ³

345 2891 475 2924 reant.
514 2880 724 2944 Praecipua
741 2878 836 2926 sunt
853 2880 1800 2946 Kambayaffiely‚SanquffiMandrosffleaegau.
1846 2878 2022 2932 Aulam'

344 2943 413 2989 hic
437 2949 624 3013 Magnus
643 2949 753 2996 Dux
775 2950 817 2995 in
838 2950 996 3016 Regno
1006 2951 1127 3014 Dely,
1146 2967 1194 2997 ac
1205 2947 1310 2997 urbe
1319 2951 1707 3015 cognominitenet.
1749 2947 2005 2999 Universum
2038 2964 2040 2968 ’
2082 2969 2086 2973 ’
2106 2967 2108 2971 ’

344 3010 468 3072 hujus
493 3016 631 3063 Ducis
651 3019 908 3066 territorium
933 3021 1083 3085 pingui
1109 3017 1233 3083 gleba
1255 3019 1301 3065 8(
1323 3019 1517 3065 omnium
1538 3037 1677 3067 rerum
1698 3016 2005 3066 feraciffimum.
2064 3030 2094 3058 Ψ

345 3081 461 3129 Nam
473 3099 618 3147 oryza,
629 3087 828 3146 triticum,
839 3105 932 3135 cera
939 3085 1168 3146 ‚sacharum
1184 3124 1199 3147 ,
1210 3086 1356 3141 Thus,
1377 3088 1424 3135 &
1435 3086 1515 3137 alia
1527 3103 1711 3137 aromata
1723 3122 1736 3146 ‚
1752 3083 2005 3154 gossypium,
2061 3091 2076 3126 3.
2091 3084 2107 3131 s

1888 3154 1933 3200 &
1948 3152 2005 3199 se·
