2114 3412
336 151 403 213 acl
412 155 730 238 Magnum
747 151 1007 214 Tartariae
1026 157 1248 239 Sinaeque
1267 153 1527 234 Chammn.
1679 182 1698 219 1
1710 184 1769 232 75

96 261 325 328 Scopuli&
338 261 462 327 syrtes
474 280 562 309 non
576 260 732 328 absque
744 260 935 328 periculo
947 299 960 322 7
974 263 1077 310 dum
1094 262 1120 310 s
1112 264 1419 314 ubveheremus
1429 267 1489 313 ob
1498 266 1767 316 altitudinem

94 349 295 397 aquarum
308 331 573 396 utconspeffi
587 368 599 391 ,
610 349 725 378 nunc
737 331 902 397 aliquot
911 333 1075 397 pedum
1087 333 1223 398 spatio
1237 334 1357 399 supra
1377 337 1511 383 undas
1524 341 1751 402 prominet}
1761 369 1770 374 ο

93 416 177 459 teS‚
200 401 345 448 medio
373 401 550 448 flumine
571 401 865 449 occurrebant.
917 404 1182 468 Legatorum
1206 404 1354 469 scapha
1373 423 1489 451 nona
1513 408 1770 454 Decembris

91 486 216 525 acuto
226 466 538 535 scopuloinfirla
550 504 564 525 ,
587 473 633 518 &
655 470 865 535 perforata
887 488 1047 536 magno
1057 471 1176 519 hiatu
1188 491 1314 538 aquas
1323 488 1440 521 tanta
1451 477 1576 539 copia
1588 475 1767 534 admisit,

93 552 142 587 ut
162 540 356 604 proxima
375 538 646 588 submersioni
665 539 813 599 fuerit,
830 538 905 587 nisi
916 558 1009 588 eam
1026 541 1227 588 omnibus
1238 542 1395 591 viribus
1406 543 1457 589 ad
1471 545 1576 607 ripas
1594 546 1767 592 traCtam

33 662 36 665 .
92 607 251 656 insieco
267 607 589 657 collocaffemus.
625 610 851 657 Foramine
869 611 913 656 in
934 628 1082 676 prora,
1100 610 1220 658 nullo
1243 612 1296 659 ad
1310 629 1457 660 manus
1471 612 1607 661 fabsssi
1622 613 1769 660 instru-

89 692 257 740 mento,
271 696 360 726 non
372 679 552 738 terebra,
569 697 659 726 non
673 679 817 738 securi,
826 697 915 726 non
929 679 1066 734 clavis,
1078 694 1126 727 ut
1136 680 1560 746 poteramus,claul³o,
1569 684 1673 729 liora
1688 701 1770 728 un-

91 749 258 796 decima
278 747 560 815 periculosum
582 748 758 815 rupibus
778 749 922 797 locum
931 784 945 805 ‚
965 752 1040 815 qui
1062 752 1111 798 V
1102 769 1328 816 annmzcgramo
1339 751 1469 815 usque
1482 752 1535 798 ad
1551 752 1769 818 Pagodam

90 819 308 883 quendam
319 820 551 884 exiguum,
570 821 637 866 cui
659 821 766 867 Sinae
788 822 834 867 &
855 821 1022 867 Tartari
1043 818 1455 868 fortunandoitineri
1469 821 1577 868 sacra
1597 820 1775 879 iaciunt,

88 906 165 956 per
177 891 251 935 tria
267 887 456 936 milliaria
467 889 730 943 extenditur,
741 888 899 937 emensi
909 888 1057 937 sumus
1704 894 1708 898 “

98 1002 100 1004 .
158 959 538 1026 DecimaJanuarii
561 958 658 1006 urbs
681 959 864 1021 Kanclyen
886 961 928 1006 in
945 958 1174 1024 conspe&u
1192 977 1291 1006 cum
1314 958 1576 1026 gubernator
1596 961 1776 1007 nomine

92 1026 262 1093 Tutangi
274 1025 436 1093 legatos
445 1027 685 1076 humaniter
695 1025 910 1087 salutavit,
930 1031 975 1076 8<
993 1029 1099 1093 quid
1120 1029 1295 1094 Pckingae
1316 1029 1562 1077 tranfiifftum
1576 1066 1587 1088 ‚
1605 1033 1776 1096 roganti

89 1115 189 1144 cum
209 1095 496 1162 exposuissent
515 1101 672 1165 Legati
691 1134 702 1157 ‚
728 1098 782 1145 ad
800 1096 1017 1163 Tuttvgnm
1035 1115 1128 1162 quae
1145 1100 1367 1146 audivisset
1385 1098 1589 1146 relaturus
1602 1135 1613 1157 ‚
1633 1100 1773 1147 rediit.

84 1170 206 1231 'Eum
217 1184 316 1230 cum
329 1169 552 1233 praecipuis
562 1186 616 1215 ex
628 1166 773 1214 nostro
783 1169 990 1215 comitatu
999 1167 1165 1226 Jacohus
1178 1167 1221 1213 de
1229 1166 1374 1231 Kejfi‘r
1384 1167 1508 1233 (nam
1523 1166 1628 1214 alter
1640 1171 1776 1234 Lega-

87 1251 232 1285 torum
244 1236 288 1283 de
303 1239 420 1298 Goyer
430 1236 678 1285 valetudine
699 1236 738 1285 se
757 1235 1008 1302 excusabat)
1037 1238 1186 1304 gratias
1196 1237 1371 1303 Tumngo
1383 1254 1463 1303 pro
1476 1250 1597 1284 tanto
1609 1237 1776 1285 honore

90 1306 254 1355 asturus
265 1305 470 1372 simulque
483 1309 522 1353 ei
535 1306 825 1362 valedicsturus,
837 1306 1131 1354 comitabatur.

156 1377 400 1425 Undecima
410 1378 598 1444 Januarii
610 1376 757 1425 sereno
769 1380 813 1425 ὃς
825 1375 984 1444 frigido
994 1378 1088 1424 aere
1097 1409 1110 1430 ,
1126 1376 1225 1441 ripis
1236 1377 1451 1441 utrimque
1470 1375 1569 1442 gelu
1587 1374 1773 1423 albican-

89 1443 224 1503 tibus,
243 1446 463 1494 cataraffias
482 1447 613 1494 varias
637 1445 834 1495 &brevia
848 1445 1106 1512 praeterveffi
1119 1443 1278 1504 sumus,
1292 1444 1510 1509 helcyariis
1524 1445 1628 1509 saepe
1639 1446 1691 1492 ad
1702 1465 1773 1510 pe-

91 1514 179 1562 &us
189 1517 232 1563 in
246 1534 372 1580 aquas
384 1514 596 1575 immersis,
605 1531 655 1563 ut
665 1515 832 1582 scaphas
849 1515 953 1562 saxis
963 1514 1221 1563 adhaerentes
1236 1513 1518 1561 defenderent
1529 1551 1540 1573 ,
1552 1514 1773 1562 miserabili

91 1585 296 1649 imprimis
315 1603 393 1650 per
413 1584 615 1649 hyemem
633 1584 778 1632 labore
792 1622 805 1644 ,
822 1598 944 1633 tanto
964 1585 1177 1631 undarum
1195 1584 1333 1648 rigore
1345 1620 1358 1642 ,
1376 1598 1423 1630 ut
1435 1583 1520 1649 ipsa
1531 1584 1614 1631 osta
1628 1587 1672 1632 8<
1686 1602 1773 1632 me-

92 1652 223 1701 dullas
234 1667 477 1720 penetraret
487 1691 499 1713 ,
518 1672 661 1720 neque
682 1654 928 1702 miserorum
940 1651 1023 1700 ulla
1042 1652 1278 1702 habebatur
1288 1654 1396 1700 ratio
1408 1688 1421 1711 ,
1438 1653 1509 1701 sed
1523 1669 1570 1701 ut
1590 1668 1707 1701 erant
1729 1672 1773 1701 u-

90 1723 177 1770 vidi
189 1742 236 1770 ac
247 1725 452 1790 rigentes,
473 1723 946 1789 absqueintermissione
964 1723 1019 1770 ad
1037 1741 1147 1788 opus
1157 1722 1452 1789 adigebantur.
1488 1726 1612 1770 Dum
1623 1723 1773 1771 diffici-

91 1790 143 1838 lia
156 1793 244 1840 haec
255 1796 300 1842 8<
314 1792 546 1859 periculosa
556 1793 650 1841 loca
666 1794 1015 1860 praetervehimur
1025 1829 1037 1852 ,
1058 1794 1170 1841 funis
1180 1791 1338 1856 scaphae
1350 1795 1615 1859 Legatorum
1627 1792 1769 1858 supre-

92 1879 166 1908 mo
176 1861 289 1910 malo
300 1862 465 1930 alligata
475 1866 521 1912 &
534 1863 631 1911 velo
642 1866 840 1929 proxima
850 1861 944 1910 casu
955 1876 1069 1910 retro
1078 1861 1232 1909 collem
1244 1860 1397 1908 alicubi
1407 1861 1596 1920 adhaesit,
1613 1864 1659 1911 &
1667 1880 1767 1910 cum

92 1945 178 1978 tam
200 1931 340 1981 subito
350 1932 479 1980 laxari
496 1951 585 1979 non
606 1934 764 1998 posset,
783 1930 914 1980 malus
923 1950 1022 1980 cum
1035 1931 1133 1980 velo
1143 1930 1378 1980 confratfftus
1398 1932 1441 1977 in
1453 1949 1578 1996 aquas
1597 1931 1763 1979 decidit.

93 2002 258 2049 Tartari
268 2002 518 2051 arundineta
529 2003 642 2051 secus
652 2004 762 2068 ripas
777 2001 1053 2050 incenderant
1063 2002 1244 2049 flammis
1254 2013 1386 2047 vento
1397 2000 1505 2047 adeo
1515 2000 1768 2049 invalescen-

92 2069 218 2126 tibus,
229 2086 277 2119 ut
287 2072 439 2138 scapha
452 2091 561 2140 aegre
572 2072 819 2120 incendium
830 2071 1045 2131 evaderet,
1058 2070 1174 2118 alteri
1187 2068 1358 2136 appulsa
1372 2072 1403 2117 ri
1408 2088 1471 2134 paz
1483 2106 1494 2128 ,
1516 2070 1589 2118 ubi
1599 2073 1766 2119 Tartari

93 2140 201 2188 duos
220 2159 398 2208 magnos
417 2142 643 2190 arundines
661 2142 883 2192 conflatio
903 2141 1016 2188 malo
1028 2139 1244 2208 alligantes
1257 2157 1351 2187 eam
1362 2141 1514 2187 iterum
1527 2142 1764 2208 adnaviga-

94 2211 259 2257 tionem
272 2210 597 2277 expediverunt.

162 2281 347 2328 Decima
370 2282 519 2344 quinta
538 2280 689 2326 urbem
708 2279 882 2344 Nangan
903 2278 1022 2325 classe
1039 2277 1178 2325 nostra
1196 2279 1412 2343 attigimus
1430 2315 1442 2336 ,
1469 2279 1511 2323 in
1532 2275 1651 2336 cujus
1667 2281 1762 2325 Au-

95 2347 208 2396 strini
227 2349 414 2397 suburbii
436 2348 611 2415 spatiosa
633 2349 769 2396 domo
804 2347 827 2411 (
845 2365 942 2394 nam
964 2346 1090 2394 altera
1110 2349 1153 2392 in
1176 2365 1261 2411 qua
1282 2349 1434 2411 Legati
1457 2345 1560 2392 olim
1584 2346 1764 2394 diverte-

94 2432 212 2477 rent,
232 2419 423 2468 funditus
434 2421 591 2466 interea
612 2419 635 2465 a
654 2419 842 2464 Tartaris
860 2433 958 2463 cum
979 2417 1168 2463 exercitu
1178 2414 1485 2462 transeuntibus
1503 2415 1639 2462 diruta
1653 2416 1766 2480 erat)

95 2487 420 2553 hospitabamur.
462 2490 586 2537 Unus
617 2485 911 2548 Kantonenfium
939 2484 1265 2553 Magistratuum
1287 2487 1360 2550 qui
1382 2503 1524 2532 recens
1541 2483 1763 2531 nobiscum

96 2556 256 2604 inhanc
267 2557 417 2606 urbem
429 2572 602 2606 venerat
621 2558 675 2604 ad
698 2555 986 2620 praefecturam
1005 2572 1159 2602 novam
1177 2555 1440 2601 contendens
1462 2589 1475 2609 ,
1511 2558 1694 2619 Legatos
1705 2555 1763 2600 vi-

97 2623 230 2673 sitavit
249 2629 294 2674 Sc
312 2628 367 2675 de
389 2626 610 2693 Pekingenfi
630 2626 809 2694 negotio
827 2626 1102 2690 interrogavit
1125 2643 1134 2669 :
1172 2626 1240 2671 cui
1257 2641 1356 2671 cum
1367 2626 1517 2690 Legati
1530 2622 1678 2670 cunda
1691 2642 1762 2671 ex-

99 2694 324 2757 posuissent
334 2697 513 2745 faustum
525 2710 719 2762 precatus
741 2696 818 2741 iter
830 2693 955 2742 altera
966 2695 1036 2741 dic
1047 2692 1221 2741 disceffit
1236 2716 1248 2753 3
1269 2711 1346 2741 nos
1362 2693 1524 2741 decima
1548 2695 1662 2740 nonii
1674 2692 1763 2739 abi-

100 2780 244 2810 vimus.

170 2832 469 2882 Periculosiora
502 2837 548 2883 &
584 2832 819 2882 difficiliora
858 2832 1088 2880 fluviorum
1125 2830 1219 2878 loca
1248 2829 1406 2877 emensi
1436 2848 1534 2877 cum
1566 2843 1663 2877 toto
1689 2850 1760 2897 ap—

98 2916 248 2965 paratu
270 2900 411 2949 nostro
433 2919 596 2968 partem
612 2906 687 2950 viae
706 2918 814 2951 terra
840 2939 853 2962 ,
888 2920 964 2966 per
983 2914 1149 2948 montes
1175 2899 1372 2964 Navigant}
1390 2899 1665 2965 Nanzlnmgmn
1686 2902 1762 2948 du-

98 2984 241 3017 centes
257 3006 269 3029 ,
301 2971 511 3020 conficere
533 2972 809 3039 cogebamur.
849 2972 1002 3038 Legati
1020 3007 1032 3030 ‚
1059 2969 1259 3034 quisque,
1284 2971 1328 3015 in
1353 2970 1559 3018 Palankina
1584 2970 1763 3022 Nankin„

88 3056 152 3101 gae
172 3040 271 3087 huic
282 3038 369 3087 usui
387 3054 528 3104 parata
545 3074 559 3095 ,
593 3040 894 3090 comitantibus
910 3041 1081 3106 triginta
1100 3038 1303 3088 militibus
1321 3074 1334 3097 ‚
1360 3036 1520 3087 summa
1539 3037 1750 3087 celeritate

99 3126 175 3175 per
196 3123 363 3157 montes
379 3108 470 3157 illos
489 3146 502 3169 ,
523 3109 679 3176 absque
698 3111 922 3160 ceffatione
941 3147 953 3170 ‚
986 3124 1059 3157 aut
1079 3109 1401 3176 perno&atione
1417 3142 1432 3165 2
1473 3127 1521 3157 ca
1539 3108 1677 3156 adhuc
1691 3109 1761 3155 die

1578 3180 1623 3225 N
1638 3181 1680 3223 A
1693 3178 1761 3223 M·
