2050 3412
255 160 359 212 138
641 144 783 203 ‘Pars
797 137 964 199 ultima
988 138 1271 222 Legationis
1290 139 1553 199 Patavicae
1596 171 1599 174 ·

249 246 363 294 sedes
383 246 635 309 reciperent,
653 260 701 289 ac
711 244 856 290 Sinam
872 241 969 309 post
986 242 1219 307 nonaginta
1236 258 1446 288 annorum
1461 241 1802 290 dominationem
1827 254 1915 290 tur*-

245 317 362 381 piter
378 313 615 362 desererent
634 319 762 360 Anno
777 311 1002 360 millesimo
1017 310 1315 359 trecentesimo
1329 310 1591 376 sexagesimo
1606 311 1776 359 ociavo.
1809 315 1917 367 Qo

257 383 434 448 quidem
446 401 559 430 anno
573 378 903 448 [hulmperium
916 382 1104 429 Sinicum
1115 379 1307 459 {uscepit,
1309 378 1444 426 dietus
1459 386 1682 430 Humvuus
1691 380 1776 428 five
1789 385 1918 430 Hun-

260 477 281 521 ι5
270 468 384 501 rm<
386 452 528 517 ,quod
546 454 772 500 Bellatmem
787 471 982 518 mannum,
1012 465 1083 498 aut
1094 453 1281 498 dilmumz
1296 468 1501 507 armorum,
1522 450 1755 516 sgmficat
1780 450 1825 496 8(
1838 467 1918 496 no-

251 500 286 569 ‘v
280 542 358 571 am
376 522 580 571 luniliam
596 523 914 588 Imperatoriam
930 522 973 567 T
988 540 1011 567 A
1030 540 1041 566 l
1062 540 1094 568 M
1110 539 1123 566 1
1138 538 1166 565 N
1177 538 1202 564 G
1215 538 1241 567 A
1258 539 1291 566 M
1308 518 1521 578 condidit,
1534 519 1629 566 sede
1647 521 1781 587 Regia
1795 521 1921 569 Nan-

262 596 380 660 lungae
396 591 541 658 posita.
577 595 671 640 Nec
686 605 912 638 contentus
927 595 990 640 H
987 605 1162 657 unomus
1176 591 1217 638 S
1210 607 1278 636 ma
1290 590 1379 635 Tar
1380 602 1493 635 taros
1508 588 1738 654 expulisse,
1747 606 1920 638 murum

262 661 559 728 transgressus
551 679 594 708 1n
605 661 694 727 ipsa
709 661 901 708 Tartaria
919 661 1163 725 ingentibus
1173 677 1246 706 eos
1256 658 1420 705 damnis
1429 655 1584 719 affecit,
1594 660 1640 706 &
1651 658 1824 708 tandem
1838 658 1921 708 do-

265 735 392 780 mitos
408 733 565 779 tributa
575 729 762 796 pendere
780 731 925 796 coegit
928 729 1070 795 ,quod
1083 730 1298 794 praecipue
1309 727 1502 775 fecerunt
1519 728 1602 787 illi,
1622 730 1698 794 qui
1710 729 1755 776 in
1766 729 1919 777 Tarta-

262 805 367 851 riam
383 799 652 848 Orientalem
666 800 823 848 Niuche
833 799 1127 867 confugerant.
1131 801 1243 847 Nam
1258 798 1417 846 Tartari
1427 798 1529 847 Sina
1537 797 1712 874 profugi
1724 814 1922 863 magnam

265 885 429 938 partem
446 873 489 917 in
505 870 592 917 illas
604 871 907 934 regiones,quae
916 868 1038 935 supra
1049 870 1201 914 Sinam‘
1209 868 1439 915 Orientem
1450 867 1610 916 versus
1598 882 1739 929 jacent
1749 870 1795 917 8(
1809 868 1922 917 Niu-

267 946 355 1002 c,l2e
385 942 556 989 Niullmn
571 957 619 986 ac
636 943 749 1002 Iupet
751 957 824 986 zet·
845 954 1078 996 vocantur,
1102 937 1412 1002 confugerunt,
1436 936 1510 984 ub1
1521 936 1575 984 ab
1589 955 1645 984 eo
1660 951 1858 1005 tempore
1873 939 1921 986 &

266 980 400 1059 Aniio
415 1008 641 1056 millesimo
652 1006 946 1055 trecentesimo
957 1005 1218 1073 sexagesimo
1228 1006 1395 1054 octavo
1431 1009 1538 1054 Sinis
1549 1009 1755 1057 tributarii
1767 1010 1813 1057 8(
1823 1009 1920 1056 sub-

265 1081 364 1140 {effi
377 1118 389 1139 ,
413 1097 488 1145 per
515 1084 716 1144 Leaotung
727 1078 954 1141 quotannis
980 1076 1138 1124 tributa
1160 1078 1206 1123 &
1225 1079 1502 1124 mercimonia
1529 1077 1600 1124 sua
1618 1078 1921 1144 importabant.

268 1150 467 1215 Reliqui
460 1167 503 1195 m
516 1147 1087 1196 OccidentalemTartariam
1101 1147 1242 1212 Tanau
1266 1149 1312 1194 8(
1332 1147 1454 1209 Kena
1477 1149 1692 1214 Chatajam,
1712 1149 1797 1196 five
1820 1152 1921 1196 Ma-

270 1235 355 1268 tea)
357 1241 415 1267 an
417 1217 487 1285 zſj}
502 1218 541 1264 se
556 1230 822 1281 receperunt,
837 1215 912 1262 ubi
930 1231 1021 1263 tum
1033 1219 1236 1281 temporis
1249 1220 1382 1263 Anno
1392 1216 1615 1265 millesimo
1625 1216 1846 1266 trecentes
1833 1235 1922 1266 mo

267 1288 450 1353 temeres
456 1305 527 1334 mo
538 1304 682 1345 non0,
700 1286 837 1334 Timur
852 1284 937 1333 live
950 1287 1106 1334 Tamer
1088 1287 1112 1321 -l
1111 1305 1198 1332 mes
1209 1303 1373 1333 novum
1387 1288 1618 1351 Imperium
1633 1286 1898 1335 Tartaricum
1908 1324 1923 1347 ,

268 1376 389 1406 more
407 1361 554 1422 Zincris
570 1357 706 1412 Chani,
723 1355 963 1415 condebat,
980 1373 1027 1401 ac
1040 1353 1270 1420 collaplam
1293 1355 1571 1403 Tartarorum
1593 1372 1670 1420 per
1687 1357 1924 1420 Scythiam,

268 1429 522 1475 Cumaniam
529 1425 819 1499 ,Mogoliam,
835 1424 953 1471 Persi
935 1442 1039 1483 iun,
1052 1423 1262 1484 Indicam,
1280 1423 1623 1473 dominationem
1638 1424 1835 1473 felicibus
1849 1444 1924 1474 au-

269 1497 404 1563 spiciis
421 1493 699 1553 instaurabat,
719 1492 888 1553 adjutus
906 1493 1101 1561 profugoe
1111 1493 1190 1541 illis
1201 1512 1257 1541 ex
1269 1496 1311 1541 8
1302 1512 1371 1541 ma
1381 1496 1657 1542 Tartarorum
1669 1496 1818 1561 copiiS.
1856 1499 1925 1544 Ac

269 1564 530 1613 moliebatur
565 1531 703 1612 Timui
705 1584 748 1613 m
767 1576 965 1611 extremo
997 1564 1096 1610 vita:
1117 1564 1300 1611 Sinicam
1332 1564 1695 1642 expeditionem,
1727 1564 1924 1615 delendae

268 1635 532 1702 ignominiae,
544 1633 717 1700 jamque
729 1632 899 1681 mucia
891 1651 935 1681 m
946 1634 1107 1681 Sinam
1099 1636 1248 1681 itinera
1260 1636 1306 1683 8<
1317 1634 1402 1680 vias
1405 1633 1549 1694 ‚fitum
1563 1633 1735 1682 urbium
1745 1636 1791 1684 &
1801 1635 1924 1700 quic-

266 1705 373 1771 quid
391 1703 627 1752 invalidum
638 1702 964 1783 exploraverat,
972 1722 1020 1773 ac
1029 1702 1276 1769 ingentibus
1286 1704 1424 1768 copiis
1444 1703 1584 1752 versus
1594 1720 1765 1753 murum
1773 1703 1926 1753 tende-

267 1776 365 1835 bat,
382 1792 482 1822 cum
499 1774 633 1822 fatalis
649 1776 851 1821 terminus
861 1791 960 1820 eum
976 1770 1019 1820 in
1033 1771 1138 1821 urbe
1148 1772 1340 1835 Chatajae
1359 1775 1490 1840 nigrae
1504 1774 1854 1837 Anzaraffecutus
1872 1773 1925 1822 fi-

269 1863 369 1894 nem
384 1845 447 1893 his
462 1843 645 1892 consiliis
661 1843 887 1909 imposuit,
911 1861 959 1892 ac
972 1861 1070 1891 eum
1081 1861 1137 1889 eo
1158 1842 1290 1908 paulo
1304 1842 1400 1908 post
1415 1845 1648 1910 Imperium
1658 1845 1925 1894 Tartaricum

132 1962 134 1964 .
272 1912 557 1962 Occidentale
574 1917 728 1961 iterum
739 1912 975 1978 collapsum
993 1914 1039 1961 8(
1054 1911 1277 1960 infra-{tum
1293 1913 1388 1962 fuit.

105 1991 248 2039 Secunda
341 1983 577 2030 Secundam
593 1986 637 2030 8<
649 1983 843 2030 ultimam
862 1982 1007 2030 nostro
1026 1996 1222 2047 tempore
1238 1983 1578 2047 Expeditionem
1601 1982 1645 2029 in
1665 1984 1807 2030 Sinam
1816 1983 1927 2031 Tar—

105 2035 246 2107 ἕξιῑὲἐῖζ
274 2052 350 2099 tari
363 2051 605 2099 Orientales
622 2052 836 2099 Niuche&
857 2052 1036 2100 Niulhan
1057 2050 1326 2116 susceperunt
1341 2088 1354 2111 ,
1376 2052 1503 2098 initio
1520 2051 1634 2099 facio
1648 2056 1780 2099 Anno
1789 2052 1927 2102 mille-

105 2125 261 2188 'fi-“ffiffi‘r'a‘
276 2120 379 2168 simo
396 2119 743 2186 quingentesimo
762 2119 932 2168 decimo
951 2121 1285 2185 sexto,eamque
1304 2122 1436 2168 totius
1448 2122 1621 2187 Imperii
1641 2121 1768 2169 Sinici
1786 2122 1928 2188 expu-

107 2200 205 2231 tarica·
273 2193 475 2258 gnatione
495 2190 714 2250 finierunt,
728 2188 1095 2237 Annomillcsimo
1110 2189 1456 2257 quingentesimo
1473 2190 1929 2257 quadragefimoquar-

272 2276 320 2308 to
332 2298 344 2321 ,
355 2274 482 2324 atque
498 2262 555 2307 ita
570 2260 859 2324 intra-triginta
874 2277 1009 2306 annos
1022 2260 1247 2307 vastiflimo
1260 2261 1443 2325 Imperio
1457 2261 1613 2326 potiti,
1627 2278 1785 2309 novam
1801 2261 1925 2309 fami-

274 2331 372 2378 liam
389 2331 649 2379 Tartaricam
662 2329 885 2394 Taicingam
900 2329 1199 2378 condiderunt.
1237 2331 1310 2376 De
1319 2348 1507 2395 quorum
1524 2329 1702 2396 quidem
1724 2331 1928 2378 Tartaro⁶

275 2417 369 2446 rum
385 2399 553 2464 origine
576 2398 787 2463 rebusque
817 2398 958 2445 nostra
977 2401 1182 2446 memoria
1201 2398 1348 2465 gestis,
1379 2401 1575 2466 quaedam
1595 2399 1718 2465 supra
1740 2399 1929 2465 petenda

273 2469 380 2517 sunt.
418 2468 613 2533 Expulsi,
628 2483 675 2516 ut
685 2468 996 2524 dictuin,1vcnae
1006 2467 1174 2518 familiae
1185 2471 1282 2515 Sina
1290 2470 1456 2517 Tartari
1472 2487 1667 2536 magnam
1677 2482 1839 2534 partem
1849 2487 1928 2535 pet

276 2543 478 2603 Leaotung
495 2541 539 2585 in
550 2537 790 2585 Orientales
804 2538 891 2586 illas
915 2539 1072 2587 Niuche
1083 2539 1129 2586 8(
1146 2539 1324 2587 Niulhan
1335 2541 1575 2586 Provincias
1589 2576 1602 2597 ,
1623 2536 1926 2603 confugerunt.

276 2610 506 2655 Crelcente
522 2610 679 2656 interea
690 2607 978 2664 multitudine,
991 2608 1034 2654 in
1045 2607 1204 2674 septem
1216 2607 1338 2655 divisi
1349 2610 1538 2674 populos
1556 2607 1641 2656 sive
1661 2609 1842 2668 Hordas,
1852 2607 1929 2656 diu

275 2675 486 2724 discordes
509 2713 523 2736 ,
555 2678 728 2724 tandem
763 2681 896 2724 Anno
912 2675 1137 2725 millesimo
1154 2677 1495 2742 quingentesimo
1513 2679 1556 2725 in
1575 2693 1708 2733 unum
1725 2694 1904 2744 regnum
1917 2713 1931 2738 ,

279 2747 337 2795 N
336 2747 438 2794 iuche
449 2748 627 2812 proprie
638 2747 799 2793 dic'tum
813 2747 1045 2794 Orientalis
1054 2747 1480 2812 Tartaria,Europaeis
1490 2747 1687 2793 bacienus
1697 2748 1933 2815 incognita,

275 2815 541 2873 coaluerunt,
558 2817 678 2879 quod
698 2818 749 2864 ad
765 2818 1088 2883 Barrolybinum
1103 2820 1307 2881 Regnum
1316 2815 1429 2863 aliud
1451 2818 1505 2865 N
1506 2817 1629 2864 iulhan
1642 2817 1687 2863 8(
1700 2818 1930 2864 Orientem

277 2885 798 2934 versusmaritimiTartari
818 2892 851 2936 Y
848 2893 909 2951 [φὶ
920 2886 985 2934 vel
1000 2890 1203 2950 Yupitacae,
1238 2885 1289 2932 ad
1301 2884 1484 2933 austrum
1505 2888 1715 2945 Coreani,
1735 2887 1780 2933 8(
1799 2890 1930 2934 Lecto-

278 2966 368 3017 rung
386 2956 494 3000 intra
513 2972 699 3014 murum,
710 2956 761 3002 ad
776 2957 1061 3004 Occidentem
1074 2956 1175 3002 fluvi
1183 2973 1228 3001 us
1241 2957 1455 3023 Linboatg,
1467 2959 1576 3002 inter
1593 2956 1775 3006 Niucben
1785 2956 1831 3002 8(
1843 2956 1930 3018 Kb

275 3024 409 3088 larggho
429 3023 592 3070 medius
607 3065 619 3083 ‚
640 3028 849 3076 terminat,
890 3026 1205 3089 Antiquitatcm
1227 3041 1379 3072 eorum
1396 3025 1580 3073 Annales
1601 3024 1834 3073 Sinenfium
1842 3023 1930 3087 jam

276 3091 354 3140 sub
372 3096 434 3142 H
432 3112 504 3140 ana
515 3092 671 3140 familia.
688 3094 880 3160 produnt
891 3132 903 3155 ,
920 3095 1113 3143 ducentis
1123 3109 1219 3142 ante
1239 3108 1385 3141 natum
1397 3093 1616 3142 Christum
1636 3094 1839 3145 annissub
1849 3111 1931 3149 no-

1815 3162 1930 3209 mine
