2114 3412
302 152 405 199 106
649 136 789 194 Pars
801 126 1004 206 [beanda
1023 127 1306 212 Legationis
1325 129 1591 188 Patavicae

139 248 212 277 Tres
230 246 271 274 ³¹¹·
298 245 445 307 kingum
465 253 620 285 merces
641 233 822 301 ablegat.
866 240 969 291 Qa
982 236 1160 281 Boream
1175 232 1272 281 urbs
1281 231 1446 300 respicit
1465 245 1545 279 tres
1564 234 1756 298 ingentes
1767 249 1972 297 aquarum

117 287 282 370 ξεῗῗιξὲξᾶ
303 309 464 367 duEtus³
474 304 590 356 velut
601 306 655 353 ad
668 304 914 371 Catadupas
925 308 1036 370 AEgy
1042 305 1118 368 pti,
1129 303 1244 351 unde
1255 321 1344 350 non
1356 301 1653 368 navigantibus
1663 302 1814 360 modo,
1826 321 1973 353 verum

303 381 348 427 &
361 378 440 426 toti
453 375 507 423 ab
518 375 803 423 inundatione
814 375 980 442 regioni
990 376 1137 440 ingens
1147 370 1381 438 periculum
1395 408 1407 431 ,
1427 371 1503 419 nifi
1511 390 1661 420 eorum
1674 373 1735 421 vis
1744 373 1974 422 catarraffis

299 442 610 515 aggeribusque
642 447 688 493 &
715 458 921 510 perpetua
951 442 1186 491 multorum
1207 442 1431 490 hominum
1454 441 1671 510 vigilantia
1688 444 1973 491 coerceretur.

301 519 463 564 Primus
475 514 628 561 horum
640 515 776 562 fluvio
789 517 907 562 Horti
919 551 933 572 ‚
954 510 1316 579 periculosissimus
1335 508 1551 570 censetur,
1572 512 1689 576 aquis
1698 529 1798 558 cum
1808 512 1973 577 ingenti

301 587 471 636 fremitu
493 585 771 649 praecipitatis.
823 584 856 629 F
859 581 994 630 luvius
1014 584 1123 631 Hoai
1149 581 1205 629 ab
1225 580 1472 629 Occidente
1490 580 1639 627 urbem
1661 580 1946 646 praeterfluens
1957 615 1973 637 ,
2095 625 2110 651 ’,τ

304 658 491 701 Oceano
504 654 652 701 Indico
666 650 881 701 Orientali
892 669 1019 717 aquas
1032 651 1120 699 suas
1130 650 1375 717 permiscet,
1395 669 1443 698 ac
1465 648 1540 696 nisi
1558 649 1800 715 ingentibus
1809 653 1973 718 aggeri-
2100 654 2111 710 ξ’

298 723 376 770 bus
388 722 744 788 constringeretur
763 722 872 769 intra
892 720 1084 780 alveum,
1111 719 1236 785 plana
1255 719 1406 767 ermesta
1427 722 1473 769 8<
1494 719 1738 784 campestria
1749 719 1971 787 stagnaret.
2092 715 2111 788 μζ

370 791 511 839 Altius
527 790 606 838 alia
626 791 764 839 adhuc
776 791 1008 856 Catadupa
1020 789 1146 853 Tienfi
1155 791 1262 837 Sinis
1272 826 1284 849 ‚
1302 789 1345 836 id
1357 788 1415 836 est
1418 828 1432 850 ‚
1446 789 1586 854 Coeleste
1597 790 1840 854 'Praeapitium
1849 789 1974 850 dieta,
2103 830 2112 855 ξ

300 862 418 909 unde
430 860 541 908 haud
555 860 686 908 levius
696 859 1145 927 prseternavigantibus
1164 858 1400 924 periculum
1413 895 1425 917 ‚
1444 857 1668 922 praesertim
1685 858 1972 925 tempestuoso
2101 872 2108 886 ·’

299 930 429 984 coelo,
440 932 649 988 imminet,
659 929 779 995 quod
791 946 911 994 aquae
920 927 1106 993 fluminis
1116 927 1303 976 horribili
1322 927 1380 976 fra
1385 938 1597 995 gorecum
1608 929 1650 974 in
1655 930 1772 994 genti
1782 928 1809 975 s
1799 929 1974 995 perstan-
2094 929 2111 1007 J

297 1001 406 1047 tium
417 999 767 1065 audientiumque
777 1005 936 1066 terrore
955 997 1220 1066 despument.
1242 1000 1356 1045 Tam
1369 996 1556 1064 praesenti
1568 997 1771 1045 evitando
1781 997 1973 1063 periculo
2092 1008 2112 1083 ,ᾗ

296 1071 533 1134 Imperator
544 1067 707 1134 aliquot
718 1074 925 1117 centenos>
932 1067 1004 1116 alit
1018 1070 1128 1116 viros
1139 1070 1234 1133 ‚qui
1246 1083 1426 1133 urgente
1446 1067 1701 1125 necestitate,
1711 1083 1972 1134 quocunque

297 1151 508 1204 tempore,
516 1155 644 1188 naves
655 1137 917 1204 quarundam
929 1150 1117 1197 rotarum
1127 1155 1215 1203 ope
1223 1139 1414 1203 trajicere
1421 1150 1634 1185 tenentur.
1663 1139 1708 1184 N
1713 1155 1761 1184 ec
1771 1153 1859 1185 tam
1869 1156 1973 1204 prae-
2096 1104 2110 1178 i

297 1224 395 1272 ceps
405 1209 998 1273 aquaru'mimpetuscoerceri
1019 1205 1166 1271 poffit,
1183 1209 1230 1254 ni
1256 1225 1330 1272 per
1350 1209 1532 1254 vicinam
1551 1206 1796 1254 cataractam
1818 1225 1972 1273 praece-

137 1297 206 1324 ωηο
217 1292 277 1320 Te·
298 1272 436 1341 dentis
455 1294 574 1341 aquae
592 1291 735 1324 motus
752 1275 964 1338 sisteretur.
1009 1274 1245 1341 Duplexin
1258 1275 1460 1323 suburbio
1472 1278 1654 1342 Hoasgan
1675 1275 1884 1324 telonium
1896 1314 1908 1337 ‚
1926 1279 1972 1325 in

113 1335 203 1366 ¹⁰⁰³·
299 1345 1034 1413 quor'umunoveffigaliamercibus.
1049 1343 1244 1411 imposita
1254 1342 1587 1412 persolvuuntur
1607 1364 1617 1391 :
1641 1347 1684 1393 in
1694 1344 1973 1414 alterosingu-
2086 1366 2094 1384 ⁴

299 1414 347 1462 lae
359 1433 482 1462 naves
491 1429 638 1480 praeter
658 1417 950 1481 imperatorias
971 1415 1179 1463 tributum
1201 1415 1423 1481 pendunt,
1443 1433 1537 1480 quae
1562 1417 1745 1481 pecunia
1766 1417 1808 1464 in
1820 1430 1973 1464 catara-

299 1483 381 1532 &as
402 1487 448 1532 8<
473 1501 644 1550 aggeres
665 1485 852 1532 fluminis
873 1485 1131 1550 expenditur
1144 1486 1301 1550 &eju8‚
1312 1485 1432 1550 quod
1443 1483 1790 1549 superest‚aerario
1802 1484 1974 1534 Caesaris

302 1554 470 1606 accedit,
1758 1588 1763 1591 -

113 1631 271 1702 {esfitoffii
367 1628 629 1689 Qianquam
642 1641 745 1671 vero
756 1642 856 1692 ager
867 1622 991 1686 hujus
1008 1623 1120 1672 urbis
1129 1622 1352 1690 paludosus
1372 1627 1416 1672 8<
1428 1622 1659 1690 uliginosus
1669 1621 1717 1671 sit
1729 1660 1740 1683 ‚
1757 1622 1972 1674 fertilitate

128 1673 254 1705 ⁶¹²¹th
298 1705 441 1740 tamen
454 1710 590 1757 oryzae
603 1696 648 1741 &
658 1693 862 1741 frumenti
873 1711 968 1741 eam
979 1708 1137 1741 naturae
1150 1693 1467 1742 deformitatem
1477 1692 1736 1760 compensat.
1773 1692 1863 1759 lpsa
1874 1694 1972 1742 urbs
2033 1717 2038 1721 ·
2097 1682 2106 1724 ³.

298 1760 420 1826 supra
440 1761 587 1810 multas
600 1762 697 1810 alias
715 1762 870 1828 opibus
880 1763 1068 1811 aedificiis
1079 1766 1250 1812 eminet.
1286 1766 1433 1833 Regio
1451 1762 1714 1811 creberrimis
1729 1764 1881 1830 irrigua
1892 1763 1972 1812 flu-

298 1833 388 1885 viis,
396 1849 444 1879 ac
456 1830 680 1897 paludibus
690 1832 808 1882 foeda
822 1855 835 1892 3
860 1851 1015 1900 magna
1026 1835 1152 1881 maria
1166 1834 1340 1891 dixeris,
1362 1831 1502 1899 qualia
1515 1831 1654 1883 versus
1665 1835 1844 1880 Boream
1853 1850 1970 1881 mare

299 1901 440 1947 Xecho
459 1899 665 1965 piscosum
685 1937 697 1960 ,
731 1904 776 1950 &
804 1905 990 1950 Oceano
1011 1903 1160 1950 lndico
1176 1904 1477 1968 approximans
1490 1938 1502 1961 ,
1535 1904 1590 1950 ad
1610 1904 1841 1949 Orientem
1860 1901 1971 1950 lacus

298 1972 433 2035 Hung
462 1970 722 2017 arundinetis
739 2004 753 2025 ,
778 1970 933 2035 quibus
952 1974 1046 2020 vice
1062 1971 1280 2039 lignorum
1300 1985 1504 2028 utuntur,
1532 1970 1742 2036 frequens.
1788 1973 1969 2038 Quippe

296 2036 421 2104 lignis
439 2055 582 2086 carens
598 2077 610 2097 ‚
634 2040 772 2086 omnis
790 2038 858 2086 illa
876 2042 1082 2088 maritima
1103 2058 1177 2087 ora
1196 2043 1241 2089 &
1253 2039 1451 2087 arborum
1472 2039 1612 2087 sterilis
1630 2058 1720 2088 non
1738 2039 1822 2088 alio
1838 2058 1969 2106 quam

297 2125 353 2154 ex
372 2108 648 2155 arundinibus
671 2110 773 2175 igne
794 2109 985 2157 fovetur.
1034 2108 1225 2157 Plurimae
1252 2109 1422 2175 insuper
1451 2110 1505 2156 ad
1529 2113 1760 2158 Oceanum
1780 2112 1967 2171 cortinae,

297 2176 450 2241 quibus
474 2175 598 2225 salem
629 2192 901 2244 excoquunt.
946 2179 1177 2227 Montibus
1193 2196 1371 2245 quoque
1391 2177 1543 2226 crebris
1574 2179 1787 2246 Nankinga
1809 2178 1968 2228 coelum

297 2246 405 2294 ferit.
446 2247 583 2312 Apud
603 2247 769 2295 sextum
791 2248 1025 2313 Oppidum
1048 2250 1135 2296 Has·
1153 2267 1275 2297 mons
1291 2247 1466 2295 celebris
1487 2249 1621 2296 Yocheu
1640 2286 1652 2307 ,
1687 2250 1858 2317 Pagoda
1881 2248 1968 2298 san-

299 2314 395 2364 &tus
444 2317 583 2380 Apud
613 2316 843 2365 secundum
870 2319 1067 2366 Civitatis
1104 2320 1306 2384 Fungyaszg
1341 2318 1568 2383 septimum
1592 2321 1823 2385 Oppidum
1849 2321 1969 2377 Χειι,

298 2400 420 2430 mons
439 2381 586 2446 sustin,
602 2387 645 2432 in
669 2404 759 2452 quo
778 2387 901 2434 maffa
922 2389 1010 2434 auri
1030 2389 1178 2453 ingens
1192 2423 1204 2446 ,
1222 2387 1380 2435 morbis
1390 2387 1531 2435 multis
1546 2387 1717 2436 salutare
1726 2386 1968 2447 subsidium,

298 2453 415 2500 unde
436 2467 524 2501 arte
549 2454 746 2503 Chimica
767 2455 1010 2504 confeetum
1028 2456 1146 2504 fuisse
1166 2475 1316 2504 aurum
1340 2456 1593 2515 credebant,
1612 2471 1791 2522 reperta.
1826 2458 1965 2521 Apud

297 2522 511 2588 oppidum
540 2525 683 2572 Hintai
708 2525 864 2572 eodem
884 2525 1018 2574 trastu
1039 2544 1161 2573 mons
1183 2529 1354 2591 Moyang
1375 2525 1457 2572 sive
1475 2526 1668 2592 Pastorum
1693 2565 1705 2584 ‚
1742 2525 1859 2592 quod
1882 2527 1968 2575 for-

297 2591 412 2639 mosa
434 2592 655 2658 quondam
683 2593 823 2659 puella
847 2593 950 2643 olim
978 2610 1110 2644 artem
1138 2595 1198 2643 ibi
1230 2595 1489 2643 Pastoritiam
1519 2595 1745 2643 exercuisse
1768 2594 1967 2661 perhibe-

301 2674 366 2707 tur
380 2700 390 2709 .

119 2728 264 2809 Hffigffissn
372 2734 518 2786 Quam
539 2733 725 2796 primum
747 2734 899 2799 Legati
929 2736 991 2781 H
990 2751 1127 2799 oajgan
1144 2733 1399 2800 appulerant
1410 2767 1424 2788 ,
1442 2749 1546 2780 mox
1566 2732 1791 2794 Palankynis
1803 2770 1816 2792 ,
1835 2735 1968 2798 equis,

118 2809 281 2851 appellunt·
302 2795 455 2846 lefficis
473 2800 625 2848 adduci
639 2801 773 2864 juffis,
789 2801 1137 2850 Gubernatorem
1158 2803 1540 2870 Magistratumque
1559 2801 1735 2850 invisere
1755 2802 1968 2851 conaban-

304 2880 384 2914 tur.
421 2869 505 2915 Sed
517 2868 665 2934 pluvio
684 2871 918 2919 admodum
936 2870 1049 2920 coelo
1061 2909 1073 2932 ‚
1093 2873 1223 2920 iidem
1238 2872 1351 2919 missa
1363 2869 1548 2935 Epistola
1572 2874 1758 2936 Legatos
1782 2869 1967 2920 excusari

305 2935 507 2984 volebant
519 2975 534 2997 ,
557 2942 696 3005 gratiis
715 2958 795 3005 pro
811 2940 927 2989 bona
947 2959 1096 2989 eorum
1119 2941 1337 2989 voluntate
1358 2943 1404 2989 &
1424 2939 1577 2989 affe&u
1589 2955 1771 3008 agentes,
1799 2943 1966 2988 Pinxew

301 3017 380 3051 tous
398 3006 672 3055 Mandarinus
686 3009 929 3075 splendide,
945 3024 994 3059 ut
1012 3013 1052 3058 ei
1077 3028 1191 3066 mos,
1206 3011 1410 3058 convivio
1425 3027 1502 3057 nos
1524 3028 1574 3058 ea
1593 3010 1769 3058 meridie
1780 3010 1964 3073 excepit.

303 3072 476 3141 Vesperi
486 3073 645 3141 Jesuita
652 3079 827 3143 quidam
844 3080 979 3130 Vasco
995 3081 1170 3130 natione
1183 3082 1366 3149 Legatos
1374 3081 1577 3134 convenit
1599 3080 1807 3131 humanus
1818 3078 1966 3193 agmo-

1873 3163 1964 3207 um,
