2114 3412
1840 120 1851 153 A

342 144 733 229 adfflagnum
744 144 1003 205 Tartariae
1024 150 1245 231 Sinceque
1268 142 1496 208 Chanum.
1689 171 1747 221 51

106 244 708 313 Lignum,Aquam,Terram&
725 251 867 310 {gazem
905 245 1026 292 Οᾶὶο
1036 246 1192 295 formas
1203 286 1218 306 ,
1230 247 1345 296 unde
1360 248 1579 313 generatio
1595 251 1641 297 8(
1659 267 1752 297 cor-

99 318 248 381 ruptio
265 314 521 380 dependeat,
536 313 710 375 habent,
724 312 881 377 serlum,
897 315 1074 375 Terram,
1086 318 1243 382 Fubgur,
1257 320 1320 366 M
1314 323 1580 384 onte52Ignem,
1595 320 1751 380 Nubes,

102 390 279 452 st'quam,
298 390 455 433 Ventos.

171 456 384 519 Sexaginta
398 467 552 517 quatuor
577 449 778 516 Symbola
790 453 1012 498 Creaturas
1022 454 1223 499 animatas
1233 454 1280 500 8(
1300 456 1502 501 inanimes
1519 473 1650 521 reprae
1658 453 1751 505 sen--¹

101 513 203 571 tant.
241 527 294 570 Yn
319 521 364 568 8(
385 525 486 586 Yang
509 521 603 567 sunt
623 523 758 584 prima
774 520 914 579 initia,
939 538 996 568 ex
1024 520 1104 568 illis
1121 521 1345 569 nascuntur
1366 523 1512 569 forma:
1538 562 1550 583 ,
1583 542 1640 572 ex
1658 526 1746 573 for-

99 593 176 638 mis
198 604 408 639 creaturae.
444 590 635 649 Caelum,
649 591 748 653 quia
759 588 918 653 absque
938 589 1022 636 ulla
1037 589 1360 656 imperfefflone
1380 591 1462 651 est,
1485 594 1617 640 tribus
1629 594 1747 641 lineis

88 659 338 714 denotatur,
376 661 466 705 Ubi
478 659 596 706 lineae
609 660 704 706 sunt
721 658 911 723 abruptae
923 657 990 706 vel
1001 659 1165 707 hiantes
1176 660 1221 706 8(
1232 660 1470 725 inaequales,
1482 662 1746 727 imperfeffio

85 729 217 777 latet.
1163 764 1187 779 „2

59 793 61 795 ¹
168 799 242 847 De
255 799 444 863 quinque
454 814 606 844 eorum
616 796 834 844 elementis
849 815 905 843 6)(
924 796 1036 844 libro
1049 807 1111 849 X
1111 797 1223 864 ukiitg
1238 800 1295 844 ita
1308 801 1371 845 M
1367 803 1523 848 artinim
1536 819 1547 847 .·
1576 804 1747 867 anue

89 867 190 934 suut
211 869 416 926 elementa,
439 872 551 931 Aqua
565 871 717 932 ‚Ignis,
732 870 922 931 Lignum,
960 870 1024 914 M
1019 869 1346 927 etallum‚'Terra.
1387 875 1509 934 „Aqua
1527 873 1679 936 irrigat,
1701 873 1745 918 &5

84 989 87 991 ,
101 936 307 1002 descendit,
316 941 421 1001 Ignis
428 937 569 998 siccat,
589 940 631 983 655
642 937 825 998 ascendit3
846 939 1011 1001 Lignum
1021 938 1195 993 ereflum,
1214 941 1257 985 ξς
1266 938 1457 1001 dssortum
1471 943 1744 997 vocatu-13M‘e-

84 1045 87 1048 ,
105 1013 233 1053 tanum
251 1006 671 1069 duffiledaevitatisque
688 1007 883 1066 impatiens
895 1040 907 1063 ,
930 1004 1057 1051 Terra
1064 1008 1218 1069 semina
1230 1008 1351 1069 capit,
1370 1006 1737 1074 affi’rtquefrubim.

101 1077 268 1140 Irrgrans
294 1074 573 1137 &descendens
594 1075 665 1120 dat
676 1074 847 1137 filssumi
867 1076 1058 1136 siccum&
1068 1074 1270 1135 afhendeizs
1288 1076 1360 1121 dat
1380 1095 1569 1136 amarum,
1601 1079 1743 1124 rebium

99 1148 144 1194 &⁹
160 1146 351 1210 distortum
360 1143 469 1207 facit
482 1144 631 1189 acidum
641 1169 654 1199 ,-
676 1143 811 1188 clfflile
825 1147 868 1191 &ff
886 1144 1058 1204 politurae
1067 1145 1237 1191 idoneum
1256 1146 1419 1192 mordax
1427 1146 1550 1210 facit,
1558 1147 1741 1210 sueacre,

100 1217 279 1277 accipiens
289 1215 436 1276 semina
448 1249 461 1271 ,
472 1215 516 1260 (2²⁴
532 1214 629 1259 dans
644 1212 792 1275 fricatis
812 1212 920 1258 dulce
928 1215 1063 1277 gignit.
1731 1218 1733 1223 ’

165 1282 391 1330 Sciendum
406 1282 479 1341 est,
495 1283 608 1328 Sinas
623 1297 699 1345 per
712 1282 950 1328 Elementum
960 1298 1049 1328 non
1060 1279 1296 1345 intelligere
1306 1282 1441 1346 prima
1460 1285 1668 1349 principia
1678 1282 1747 1330 re-=

97 1369 192 1401 rum
202 1351 265 1399 vel
280 1350 502 1416 particulas
517 1366 747 1414 corporum
760 1348 849 1408 ,led
861 1349 948 1413 ipsa
963 1366 1166 1415 corpora,
1177 1350 1223 1394 8(
1233 1364 1370 1414 partes
1380 1352 1530 1398 mundi
1545 1352 1743 1415 visibiles,

97 1440 146 1469 ac
156 1419 379 1477 sensibiles3
391 1420 434 1465 id
444 1419 505 1465 est
517 1420 694 1475 Terram,
710 1423 882 1483 Aquam,
900 1422 1081 1484 Lignum,
1103 1423 1326 1477 Metallum,
1337 1424 1468 1485 Ignem
1480 1457 1492 1476 ‚
1502 1421 1635 1485 idque
1643 1440 1745 1471 cum

96 1490 250 1554 Moyse
260 1490 480 1549 convenit,
497 1490 542 1535 8(
554 1487 821 1535 reffiffimum
831 1486 908 1545 est,
921 1488 1194 1552 praetermissis
1210 1487 1290 1534 illis
1300 1488 1485 1536 ridiculis
1497 1492 1543 1536 8(
1556 1491 1746 1538 invisibi-

97 1559 208 1607 libus
229 1559 381 1606 atomis
399 1557 579 1606 aliorum
596 1594 608 1616 ,
641 1558 717 1621 qui
735 1557 775 1605 se
798 1555 1081 1621 Philosophos
1110 1571 1279 1604 vocant.
1323 1556 1490 1605 Caelum
1507 1561 1550 1606 in
1567 1558 1657 1606 haec
1675 1559 1745 1608 sua

95 1628 306 1676 elementa
320 1626 442 1674 crassa
455 1665 469 1687 ,
489 1629 534 1675 8(
556 1625 687 1674 solida
698 1629 756 1673 ita
769 1625 948 1673 influere
965 1625 1147 1673 censent.
1185 1628 1375 1674 Saturnus
1385 1640 1536 1674 terram
1553 1664 1565 1686 ,
1598 1632 1747 1693 Iupiter

96 1698 261 1764 lignum
271 1734 284 1757 ,
296 1701 415 1744 Mars
425 1698 590 1764 ignem,
603 1699 669 1745 M
662 1700 820 1744 ercurius
832 1713 986 1762 aquam
998 1733 1010 1755 ‚
1031 1700 1161 1746 Venus
1173 1694 1343 1743 metalla
1353 1696 1533 1749 irradiat.
1569 1697 1652 1744 Sed
1661 1697 1745 1763 ipsi

96 1766 282 1814 Sinenses
298 1783 387 1812 non
396 1783 444 1813 ea
456 1767 636 1814 Planetis
647 1768 843 1827 nomina,
863 1783 1010 1813 verum
1028 1764 1516 1814 elementorumindunt.
1551 1768 1745 1817 Saturnus

95 1834 192 1902 ipsis
210 1834 328 1882 stella
337 1848 470 1896 terrae,
480 1839 626 1899 Iupiter
635 1833 753 1882 stella
762 1835 880 1901 ligni,
893 1839 1012 1882 Mirr
1023 1834 1138 1882 stella
1154 1836 1277 1900 igniS,
1288 1840 1339 1882 V
1331 1854 1419 1882 enus
1433 1834 1549 1882 stella
1561 1835 1744 1897 metalli,

98 1908 315 1953 Mercurius
333 1902 447 1950 stella
457 1923 575 1970 aquae
590 1903 756 1952 dicitur.
792 1909 831 1951 A
851 1904 1016 1971 Jesuitis
1028 1942 1040 1964 ,
1056 1906 1242 1952 maxime
1252 1904 1408 1951 Riccio
1421 1903 1742 1969 Philosophiam

95 1975 364 2038 Europaeam,
373 1973 544 2038 qualem
559 1972 789 2021 scholastici
808 1972 980 2020 tradunt
989 2010 1002 2032 ,
1015 1973 1256 2021 didicerunt
1276 1993 1286 2020 ε
1308 1985 1494 2037 quatuor
1503 1972 1714 2021 elementa
1727 2011 1742 2033 ,

96 2057 213 2090 terrae
223 2043 528 2091 rotunditatem
538 2083 551 2103 ,
564 2041 687 2101 Solis,
696 2042 994 2107 stellarumque
1013 2042 1369 2109 magnitudinem,
1383 2041 1606 2106 antipodas
1617 2078 1629 2101 ‚
1639 2042 1741 2090 coeli

94 2111 363 2171 soliditatem,
379 2112 592 2178 eclipseon
604 2125 792 2161 naturam
804 2148 816 2171 ,
824 2125 1087 2159 cometarum
1096 2111 1447 2178 deflagrationem
1457 2146 1469 2169 ,
1482 2112 1676 2176 gravium
1685 2111 1740 2158 ad

93 2195 286 2230 centrum
300 2194 417 2229 terrae
432 2180 687 2228 descensum.
1338 2219 1341 2222 .

95 2292 98 2295 ,
162 2248 409 2313 Insubidum
425 2250 538 2296 foret
570 2250 797 2313 opiniones
815 2267 967 2297 eorum
993 2248 1048 2296 de
1081 2250 1265 2314 Origine
1300 2250 1346 2294 8(
1379 2249 1554 2294 interitu
1587 2247 1738 2294 mundi

94 2319 235 2369 multis
254 2317 420 2366 referre.
453 2317 670 2365 Mundum
685 2319 792 2364 Ovo
809 2319 1114 2383 comparant&
1132 2334 1188 2363 ex
1213 2334 1267 2362 eo
1287 2329 1431 2363 ortum
1443 2314 1608 2362 volunt.
1646 2315 1736 2364 Alii

94 2409 228 2456 aquam
245 2388 504 2453 principium
523 2400 692 2451 ponunt
709 2425 723 2446 ‚
748 2386 907 2438 divino
929 2399 1053 2433 motu
1077 2387 1122 2431 8(
1145 2384 1292 2449 spiritu
1312 2387 1648 2449 impraegnatam:
1675 2402 1734 2432 ex

94 2458 219 2505 bullis
233 2456 390 2509 scilicet
405 2456 557 2503 aethera
578 2494 590 2515 ‚
611 2456 634 2501 ὲ
654 2456 889 2502 sedimento
905 2468 1023 2502 terra.
1057 2456 1098 2501 Si
1114 2471 1237 2520 roges
1246 2491 1261 2512 ,
1277 2453 1300 2500 c)
1317 2474 1388 2520 quo
1405 2473 1504 2519 aqua
1523 2455 1636 2501 talem
1654 2458 1733 2502 vim

97 2531 274 2591 acceperit
283 2567 297 2588 ,
315 2526 628 2574 Cacchinantur
638 2561 650 2583 ,
667 2523 951 2571 curiositatem
965 2522 1275 2589 redarguentes,

160 2595 249 2644 Alii
273 2610 415 2644 totum
432 2594 642 2641 mundum
657 2611 891 2657 omnesque
902 2606 1105 2640 creaturas
1128 2593 1301 2651 Deum,
1334 2590 1512 2656 ejusque
1528 2588 1666 2655 partes
1685 2591 1732 2636 8(

94 2663 284 2714 membra
299 2666 379 2712 effe
403 2663 602 2711 statuunt.
646 2663 773 2711 Unde
791 2676 948 2726 quanta
972 2675 1126 2709 mutuo
1152 2675 1435 2708 creaturarum
1465 2659 1546 2706 esse
1578 2657 1733 2708 debeat

96 2733 324 2781 concordia
339 2736 384 2783 8(
402 2751 520 2781 amor
536 2732 784 2797 indigitant,
816 2732 981 2797 quippe
991 2748 1088 2778 cum
1107 2731 1194 2777 Dei
1212 2729 1292 2777 sint
1309 2743 1445 2794 partes
1466 2730 1512 2775 8(
1528 2727 1728 2778 membra.

100 2803 214 2850 Hinc
226 2802 436 2850 mundum
446 2815 693 2868 comparant
706 2803 862 2867 Giganti
872 2799 1011 2860 ,cujus
1021 2814 1133 2863 caput
1145 2802 1187 2845 in
1199 2798 1331 2859 coelo,
1344 2800 1433 2846 oculi
1442 2798 1485 2843 in
1500 2796 1626 2844 stellis
1635 2834 1648 2858 ‚
1665 2817 1727 2847 ca-

96 2874 172 2935 pilli
191 2871 234 2916 in
245 2869 478 2930 arboribus,
495 2873 539 2918 8(
556 2865 635 2938 offa
651 2872 694 2917 in
710 2869 885 2916 metallis
905 2868 1228 2916 abscondantur.

168 2940 332 2985 Omnes
350 2941 534 3005 primum
552 2941 769 2988 hominem
787 2933 975 2985 statuunt
994 2937 1414 2996 Pu021cusm2,incertae
1431 2937 1605 3002 originis
1624 2954 1634 2981 ε
1660 2934 1732 2983 alii

102 3025 157 3054 ex
174 3007 296 3074 sylvis
319 3044 332 3066 ‚
363 3008 432 3055 alii
447 3027 503 3056 6)(
527 3026 615 3055 ovo
634 3022 892 3074 prognatum
915 3007 1095 3065 volunt3
1133 3005 1254 3071 quod
1273 3004 1594 3054 Aristotelicum
1611 3003 1733 3052 vide-

102 3089 194 3139 tur,
226 3079 393 3143 quippe
426 3077 496 3127 hic
517 3077 709 3130 homines
742 3079 788 3125 8(
807 3077 932 3133 bruta
941 3075 1009 3124 vel
1023 3093 1079 3123 ex
1099 3093 1189 3124 ovo
1207 3074 1275 3123 vel
1297 3092 1439 3124 verme
1465 3078 1732 3188 primodprg-

994 3162 1023 3211 g
1059 3162 1082 3191 2
1644 3157 1672 3187 u
1713 3156 1736 3187 a
