2050 3412
254 145 314 189 13
329 137 358 185 6
635 121 776 178 Pars
791 115 957 175 ultima
982 116 1262 199 Legationis
1281 117 1541 175 Batavicae

248 223 455 286 ligionem
470 216 751 265 Christianam
779 217 1009 266 secundum
1032 216 1279 265 traditiones
1298 215 1648 264 Nestorianorum
1673 216 1895 282 profitere-

256 308 335 338 tur.
374 290 498 336 Amir
514 287 721 335 Chonum
737 287 969 335 Volumine
989 300 1142 352 quarto
1163 290 1305 352 Zingis
1327 286 1482 332 Chano
1505 298 1766 333 coaetaneum
1783 285 1903 336 fuiss'e

258 361 368 405 Kara
380 357 679 416 Kathaeorum,
706 360 876 422 Regem
895 356 1056 403 dikum
1081 353 1297 418 (merchem,
1329 354 1373 400 id
1393 353 1453 401 est
1475 355 1626 420 Regum
1650 356 1818 419 Regem
1835 355 1903 404 vel

263 425 699 490 [banorumChanum.
736 427 790 472 Et
800 425 868 473 hic
884 425 997 472 idem
1017 443 1115 472 cum
1133 423 1223 482 illo,
1236 441 1366 488 quem
1389 428 1568 489 Georgius
1581 422 1692 471 Abel
1706 423 1904 487 Pharajus

266 495 630 563 Ungchanfflaulus
642 497 827 543 Venetus
846 500 993 543 Uncam
1003 507 1126 541 vocat
1139 533 1151 553 ,
1186 492 1300 539 unde
1319 491 1434 559 apud
1458 495 1579 540 Amir
1589 492 1827 543 Chondum
1838 495 1906 542 vi-
1975 542 1979 547 ⁴

261 565 366 613 tiose
382 565 581 630 scriptum
597 566 781 613 Courclmn
795 582 842 611 ac
859 564 922 627 Q
934 567 976 611 in
993 565 1094 613 Nun
1116 575 1284 610 mutato
1297 559 1496 624 [ounclmn
1514 561 1744 628 legendum
1767 562 1905 612 credi-
1957 558 1960 561 .
2021 571 2030 623 ,’

259 635 407 682 derim.
444 634 681 682 Namidem
692 632 816 698 plane
832 635 1034 699 Regnum
1057 629 1259 694 Counclmn
1279 648 1325 677 ac
1345 633 1526 696 Urgchan
1545 631 1815 691 adscribitur,
1837 635 1903 680 ni-
1975 643 1978 646 ’

258 706 413 752 mirum
426 704 545 764 Kar-a
557 701 740 761 Chataja
752 742 764 761 ‚
781 706 860 765 Cas
859 704 950 768 hgar
959 740 971 761 ,
993 704 1131 750 Chuten
1143 703 1187 747 &
1199 702 1437 748 Turcarum
1452 718 1499 747 ac
1510 702 1785 749 Tartarorum
1794 714 1905 752 trans

257 773 455 840 Jaxarten
471 774 517 819 8<
530 773 684 819 Oxum
695 771 827 819 tribus
840 794 852 830 3
873 789 1058 836 cumque
1069 785 1251 836 uterque
1260 770 1411 836 Zingis
1422 806 1434 826 ,
1459 770 1638 830 Chan0,
1659 783 1906 820 coaetanaeus

257 843 383 889 fuerit
399 843 443 888 δε
461 842 504 888 in
519 840 698 901 Chataja
709 842 968 906 regnaverit,
987 840 1126 888 nullus
1143 855 1286 891 autem
1296 837 1398 886 alius
1411 841 1508 886 Rex
1519 877 1530 898 ,
1548 857 1678 904 quem
1694 839 1845 905 Zingis
1859 841 1905 890 in

259 911 332 958 illa
344 910 537 976 Scythica
549 910 673 975 plaga
683 908 911 969 domuerit,
920 928 1049 975 quam
1064 911 1232 957 Uncam
1244 922 1516 967 memoretur,
1532 909 1630 956 hinc
1639 907 1907 960 manifestum

259 979 611 1038 evadit,eundem
627 977 749 1025 fuisse
765 978 1051 1027 Emirchondi
1072 982 1175 1038 ξοην,
1192 978 1256 1025 vel
1277 980 1420 1043 potius
1434 976 1788 1042 Cbmzchanum&
1798 978 1905 1028 alio-

264 1066 357 1095 rum
372 1054 474 1115 Ung,
488 1051 572 1096 Un-
587 1043 901 1096 Umidchanum.
1875 1065 1878 1068 ·

327 1120 444 1164 Cum
462 1118 589 1185 igitur
600 1117 812 1165 Tamachin
830 1120 1058 1183 Imperium
1074 1118 1339 1164 Tartar-icum
1358 1134 1435 1182 per
1455 1117 1668 1182 Scythiam
1687 1115 1900 1165 fundasset

261 1190 394 1234 Anno
416 1188 578 1251 Hityrae
601 1184 904 1234 sexcentesimo
928 1185 1139 1242 secundo,
1181 1186 1338 1233 Christi
1361 1185 1584 1235 millefimo
1608 1184 1906 1234 ducentesimo

258 1257 429 1319 quinto,
444 1254 616 1302 titulum
630 1261 682 1302 Z
684 1255 885 1321 mgischan
902 1259 1075 1321 Regum
1086 1257 1215 1318 Regis
1229 1291 1242 1313 ,
1266 1255 1387 1320 quod
1398 1255 1511 1302 idem
1528 1273 1574 1302 ac
1587 1252 1626 1319 C
1625 1274 1687 1302 our
1699 1253 1765 1303 vel
1778 1251 1904 1318 Coun-

258 1324 368 1372 chan
393 1323 591 1389 suscepit,
607 1341 654 1371 ac
674 1322 863 1388 sequenti
878 1332 1008 1372 Anno
1027 1322 1249 1371 millesimo
1259 1323 1549 1371 dueentefimo
1568 1325 1701 1373 sexto,
1740 1323 1906 1373 Bellum

256 1393 424 1442 familiae
445 1396 582 1459 Sungae
600 1394 644 1438 in
662 1393 758 1438 Sina
777 1392 967 1440 latissime
985 1394 1232 1456 imperanti,
1248 1393 1413 1450 intulit,
1435 1410 1481 1439 ac
1501 1408 1591 1441 tum
1612 1392 1803 1458 ipserum
1817 1392 1907 1441 suc-

257 1461 430 1510 cessores
440 1460 547 1523 ejus,
560 1470 623 1513 X
625 1462 738 1522 oktai,
751 1464 880 1523 cczyus,
902 1466 966 1510 M
961 1480 1099 1510 uncaca
1107 1460 1191 1510 five
1205 1465 1268 1510 M
1263 1483 1370 1529 ango,
1388 1461 1543 1524 Kublai
1552 1479 1627 1528 per
1640 1461 1906 1529 septuaginta

256 1530 357 1579 οᾶο
375 1548 507 1580 annos
522 1532 848 1590 continuarunt,
871 1530 1011 1579 donec
1024 1529 1197 1579 tandem
1213 1534 1348 1580 Anno
1371 1530 1595 1579 millesimo
1614 1531 1908 1580 ducentesimo

254 1599 563 1667 septuagesimo
583 1600 738 1649 οᾶεινο
770 1599 928 1649 Kublai
950 1599 1154 1649 familiam
1174 1601 1316 1667 Sunga
1327 1640 1341 1662 ,
1361 1601 1531 1667 penitus
1544 1600 1738 1667 expulit,
1756 1619 1804 1650 ac
1813 1615 1907 1652 tota

255 1671 353 1716 Sina
373 1672 536 1735 potitus
559 1668 654 1720 fuit.
691 1672 805 1718 Nam
827 1670 993 1718 Tartari
1012 1687 1111 1718 cum
1130 1668 1329 1717 hafienus
1344 1669 1415 1718 sex
1435 1671 1674 1718 Provincias
1692 1670 1907 1732 boreales,
1981 1709 1983 1711 .
2046 1707 2047 1716 ,

257 1741 417 1806 Peking,
436 1749 499 1792 X
501 1741 584 1806 ansi
592 1775 603 1797 ‚
611 1748 673 1791 X
674 1741 755 1803 enfi
760 1774 772 1797 ,
787 1743 958 1806 Qangfi
966 1779 979 1800 ,
993 1740 1133 1805 Kiang
1152 1740 1245 1797 z,&
1263 1745 1325 1789 H
1325 1759 1418 1787 onan
1429 1777 1443 1798 ,
1461 1739 1603 1787 sedem
1614 1739 1779 1788 suamin
1797 1739 1906 1789 urbe

261 1809 664 1856 CamhaluTartarica
679 1809 833 1874 linguae
855 1806 1069 1872 [ivitatem
1081 1811 1258 1868 Domini,
1291 1809 1394 1856 teste
1417 1811 1479 1858 M.
1498 1808 1630 1857 Paulo
1639 1811 1813 1867 Veneto
1830 1828 1847 1856 1
1865 1828 1905 1859 1.
1979 1847 1982 1849 Δ

265 1895 335 1927 10.
373 1877 501 1926 Unde
519 1895 634 1927 error
649 1878 860 1943 Trigautii
880 1881 1072 1927 Martinii
1094 1881 1140 1926 8<
1157 1877 1336 1924 aliorum
1348 1881 1487 1942 patet‘,
1520 1880 1598 1942 qui
1620 1895 1713 1926 eam
1738 1894 1904 1928 vocem.

258 1946 441 1993 Sinicam
456 1947 536 1994 esse
555 1946 834 2006 arbitrantur,
850 1947 1136 2013 compositam
1150 1963 1205 1993 ex
1221 1950 1323 2005 Cam,
1336 1950 1411 2006 Pa,
1421 1947 1466 1992 &
1480 1950 1569 2004 Lu,
1580 1947 1625 1993 8<
1640 1952 1907 2012 Imperatorem

259 2015 292 2061 S
294 2033 313 2060 e
314 2018 618 2077 ptentrionalnmz
652 2015 903 2063 Tartarortmz
936 2015 1167 2082 significare
1194 2013 1458 2062 arbitrantur.
1500 2013 1646 2076 Major
1665 2017 1781 2064 enim
1799 2015 1905 2066 fides

257 2083 391 2129 Paulo
408 2085 577 2132 Veneto
586 2082 914 2149 adhibenda,qui
926 2103 1001 2150 per
1015 2083 1316 2150 septemdecim
1328 2102 1458 2149 annos
1469 2084 1512 2131 in
1522 2083 1616 2132 aula
1627 2087 1778 2152 Magni
1788 2084 1906 2133 Cha-

255 2153 312 2213 mi
325 2152 482 2200 Cublai
502 2154 611 2200 vixit
621 2190 634 2212 ,
644 2154 689 2198 δε
703 2170 853 2200 vocem
872 2154 986 2201 illam
1002 2171 1057 2200 ex
1069 2154 1282 2201 Tartarica
1295 2154 1438 2220 lingua
1454 2156 1656 2201 Civitatem
1670 2157 1824 2203 Domini
1841 2156 1905 2203 in-

255 2234 521 2286 terpretatur.
560 2219 657 2285 sam
670 2224 785 2269 enim
799 2224 1016 2271 Dominus
1028 2260 1040 2282 ,
1056 2226 1170 2281 Rex,
1184 2224 1416 2287 Imperator
1436 2220 1495 2268 est
1505 2260 1517 2282 ,
1533 2225 1636 2271 Balu
1649 2225 1809 2284 civitaS,
1823 2241 1905 2291 pro

255 2307 347 2354 quo
361 2288 679 2360 Turendigunt
694 2293 819 2342 ssalek
829 2329 841 2350 ,
860 2291 975 2340 unde
990 2292 1104 2358 apud
1119 2292 1236 2340 Abul
1254 2292 1410 2340 Fedam
1425 2293 1634 2343 Chanbalek
1649 2295 1904 2343 nominatur.

256 2358 404 2405 Solent
418 2350 712 2411 enim‘Tdreae
724 2362 962 2431 &cx—Tartari
989 2360 1203 2409 interdum
1222 2360 1385 2410 literam
1403 2358 1658 2427 postremam
1684 2363 1907 2424 omittere,

257 2425 325 2474 vel
342 2429 816 2489 omittere,veluticum
835 2432 913 2479 Ulu
935 2432 1037 2498 Ulug
1052 2468 1064 2490 ,
1083 2429 1187 2479 Balu
1202 2448 1284 2496 pro
1295 2430 1429 2481 Baluk
1447 2429 1608 2481 dicunt.
1648 2434 1713 2479 Ac
1730 2429 1906 2481 testatur

258 2500 369 2545 Amir
382 2498 544 2545 Chond
554 2500 704 2545 Tomo
715 2516 868 2562 quarto
881 2538 894 2558 ,
918 2501 1042 2567 Balyg
1060 2499 1204 2564 lingua
1216 2500 1451 2564 Mogolum
1460 2498 1695 2567 significare
1708 2501 1907 2563 pulchrum

256 2567 440 2629 oppidum.
494 2567 683 2615 Sinenses
705 2568 854 2614 amiffis
886 2568 957 2615 sex
991 2567 1235 2623 borealibus
1254 2570 1487 2617 Provinciis
1518 2585 1677 2617 novem
1691 2568 1902 2633 australeS,

257 2651 358 2698 quas
374 2636 540 2683 Tartari
556 2640 614 2684 M
613 2639 698 2702 angi
709 2651 936 2696 vocarunt,
949 2635 1212 2697 retinebant,
1234 2650 1282 2684 ut
1299 2654 1354 2685 ex
1374 2639 1543 2689 Veneto
1558 2636 1669 2684 libro
1683 2636 1872 2688 secundo
1885 2678 1905 2701 ‚-

256 2705 396 2769 capite
405 2704 758 2770 quinquagesimo
771 2707 900 2753 tertio
913 2744 925 2766 ,
935 2705 987 2754 ad
999 2705 1128 2754 finem
1140 2705 1237 2754 libri
1254 2706 1299 2752 &-
1315 2724 1406 2772 cap.
1422 2719 1550 2772 patet.
1591 2709 1735 2774 Mangi
1747 2720 1904 2771 autem,

256 2770 340 2819 sive
351 2774 515 2821 Mantzi
527 2775 549 2820 a
567 2775 757 2821 Tartaris
772 2775 958 2823 Sinenses
969 2773 1230 2823 vocabantur
1239 2812 1252 2835 ,
1269 2774 1312 2822 id
1324 2775 1382 2823 est
1393 2773 1557 2823 Barbari
1569 2810 1581 2833 ,
1603 2778 1704 2840 quia
1713 2776 1904 2844 linguam

254 2856 404 2889 eornm
422 2859 511 2889 non
523 2842 830 2908 intelligebant,
840 2859 888 2890 ut
897 2845 1122 2892 Martinius
1137 2844 1320 2893 testatur.
1356 2844 1650 2911 Kublaiigitur
1665 2845 1905 2896 Annomil-

254 2905 400 2956 lesimo
414 2910 705 2959 ducentesimo
722 2912 1034 2978 septuagefimo
1048 2911 1225 2971 ofiavo,
1251 2912 1391 2979 (apud
1405 2914 1440 2958 V
1441 2929 1616 2962 enetum
1631 2928 1832 2981 corrupte
1841 2914 1901 2963 le·

251 2977 366 3042 gitur
379 2978 602 3026 millesimo
612 2979 911 3029 ducentesimo
928 2979 1188 3046 sexagesimo
1201 2981 1381 3046 ociavo)
1406 2999 1586 3048 regnum
1602 2986 1666 3030 M
1660 2987 1767 3050 angi,
1782 2981 1901 3045 cujus

251 3045 500 3111 metropolis
511 3063 598 3097 erat
614 3051 802 3117 Qrffai,
820 3051 1105 3116 expugnavit,
1117 3063 1247 3115 atque
1263 3052 1318 3097 ita
1339 3063 1435 3099 toto
1445 3052 1632 3119 Imperio
1647 3050 1806 3102 Sinenfi
1819 3068 1901 3116 po-

1798 3131 1899 3169 Utus
