2114 3412
315 145 381 205 38
672 122 823 183 “Pars
837 114 1297 201 ulttmchegationis
1315 115 1580 174 Patavicae

312 1560 464 1605 ronam
481 1554 624 1620 capite
640 1551 824 1614 habens,
839 1554 1080 1603 inauratum
1100 1551 1478 1620 &inargentatum
1496 1568 1544 1599 ac
1561 1549 1784 1617 splendide
1793 1552 1981 1603 exorna-5

314 1637 409 1675 tum
422 1621 492 1673 est.
532 1625 644 1673 Sinae
658 1623 745 1673 hoc
755 1622 930 1674 Idolum
945 1636 1104 1672 vocant
1120 1640 1325 1690 magnum
1334 1622 1546 1689 Kinkarzg,
1562 1622 1634 1669 cui
1654 1619 1881 1690 singulares
1896 1622 1981 1673 ho-

309 1711 436 1746 nores
448 1693 671 1745 exhibent.

380 1767 489 1813 Sunt
503 1779 706 1831 praeterea
716 1765 763 1812 8<
778 1765 870 1813 aliae
888 1762 1032 1814 statuae
1047 1762 1157 1811 duae.
1189 1763 1288 1813 Una
1302 1762 1365 1813 est
1377 1760 1583 1812 foeminea
1602 1761 1789 1811 Lincinae
1806 1763 1852 1811 in
1865 1760 1984 1811 fasti-

314 1835 391 1902 gio
413 1835 565 1903 templi
595 1837 770 1903 triginta
787 1836 952 1902 pedum
974 1833 1204 1882 altitudine
1219 1871 1231 1895 2
1262 1836 1308 1884 in
1330 1851 1436 1881 auro
1452 1832 1602 1899 passim
1627 1833 1674 1880 &
1698 1848 1878 1900 argento
1900 1831 1985 1883 ob'-

314 1903 455 1953 durh.

383 1975 533 2021 Altera
549 1973 681 2022 statua
704 1973 812 2021 sellae
837 1990 992 2039 magna
1025 1991 1189 2039 pompa
1212 1973 1259 2019 &
1277 1969 1506 2037 splendido
1528 1984 1735 2037 apparatu
1766 1970 1987 2033 insidens}

318 2042 541 2108 praefefius
564 2044 648 2089 fuit
662 2044 824 2090 Sinicus
846 2082 860 2103 ,
893 2041 1015 2103 cujus
1031 2043 1228 2107 praeclara
1243 2043 1287 2087 in
1306 2039 1637 2104 Rcmpublicam
1652 2042 1799 2089 merita
1823 2043 1986 2089 extite-

316 2127 419 2161 runt
433 2149 447 2172 ,
480 2111 596 2159 unde
612 2111 769 2177 posteri
785 2110 1039 2160 defu11&u1n
1054 2112 1238 2177 imagine
1264 2108 1495 2157 constituta
1510 2111 1742 2159 etiamnum
1766 2108 1919 2158 colunt
1936 2128 1986 2161 ac

317 2195 586 2230 venerantur.
622 2179 823 2241 Pedibus,
838 2181 1023 2231 νίἂοτὶκ
1032 2194 1348 2247 argumentum,
1363 2177 1597 2227 monstrum
1617 2181 1797 2245 premit,
1816 2179 1985 2230 &dex-

318 2266 381 2300 tra
400 2251 614 2316 sceptrum
628 2264 759 2299 tenet.

399 2324 447 2368 In
476 2324 685 2392 Qantung
699 2319 816 2385 apud
843 2319 994 2368 urbem
1030 2315 1225 2388 Chaokbzg
1256 2318 1334 2366 alia
1352 2334 1532 2383 quoque
1562 2318 1748 2383 praefeffi
1765 2316 1988 2379 cujusdam

321 2392 467 2456 imago
482 2392 526 2435 in
544 2390 772 2454 splendido
790 2389 956 2455 templo
973 2388 1233 2455 conspicitur
1248 2428 1263 2449 ,
1297 2389 1488 2454 quicum
1505 2406 1582 2452 per
1605 2387 1857 2436 sexennium
1878 2390 1986 2434 Pro-

322 2459 471 2513 vincia}
487 2458 653 2506 summo
672 2478 772 2506 cum
791 2460 1090 2507 emolumento
1107 2458 1357 2526 praefuisset,
1375 2456 1640 2525 gratitudinis
1656 2473 1761 2523 ergo
1775 2456 1885 2503 hanc
1900 2455 1983 2506 sta-

324 2540 442 2577 tuam
457 2546 558 2577 cum
573 2528 742 2594 templo
758 2543 999 2581 erexerunt.

391 2601 440 2645 ln
460 2600 625 2665 Cuhiung
651 2599 767 2663 apud
783 2598 935 2655 urbem
959 2598 1160 2665 Nasgan,
1182 2614 1387 2665 magnum
1405 2596 1553 2644 saxum
1567 2593 1789 2644 altitudine
1807 2608 1988 2648 centum

325 2666 489 2732 pedum
508 2670 738 2733 quotannis
762 2686 867 2716 auro
895 2681 1061 2733 tegunt.
1109 2671 1209 2715 Hoc
1228 2670 1374 2715 saxum
1392 2673 1456 2718 X
1456 2669 1549 2714 inxe
1569 2703 1583 2725 ,
1617 2663 1663 2710 id
1681 2663 1743 2711 est
1767 2665 1986 2730 spirituale

326 2752 517 2797 vocatur,
533 2736 710 2802 ejusque
727 2738 867 2786 cultus
877 2736 954 2784 sub
969 2738 1298 2802 Imperatoribus
1320 2740 1451 2802 Mung
1469 2736 1618 2799 coepit.

393 2807 530 2872 Apud
548 2806 701 2854 urbem
718 2805 874 2874 Ciolzing
888 2810 931 2854 in
949 2820 1099 2854 monte
1116 2815 1179 2858 X
1181 2823 1292 2871 epao,
1320 2821 1473 2870 magna
1484 2822 1539 2851 ex
1557 2802 1701 2868 lapide
1720 2804 1922 2853 columna
1938 2806 1984 2853 8<

328 2874 473 2941 imago
492 2876 601 2923 Idoli
616 2881 688 2938 Fe,
702 2896 802 2925 cum
815 2877 1059 2942 Elephanto
1070 2877 1241 2936 ,Leone
1257 2879 1303 2925 &
1319 2888 1527 2939 tympano
1539 2890 1594 2919 ex
1615 2889 1706 2920 uno
1722 2876 1868 2921 omnia
1884 2874 1988 2922 {axo

327 2945 466 3003 excisa
483 2982 496 3004 ,
521 2945 740 2994 coloribus
758 2946 954 3007 diversis,
975 2946 1248 3011 conspicitur.
1280 2945 1392 3002 Qis
1414 2943 1506 3005 ejus
1532 2942 1744 2991 columnae
1759 2943 1963 2992 conditor
1976 2980 1989 3004 ‚

306 3063 307 3066 Ἰ
329 3026 420 3058 non
438 3014 617 3065 constat,

397 3082 447 3129 In
463 3083 641 3134 Suchuen
659 3084 777 3149 apud
803 3086 956 3134 urbem
979 3082 1200 3150 [hunking‚
1224 3081 1277 3130 ad
1294 3084 1432 3147 ripam
1454 3080 1576 3130 fluvii
1601 3085 1663 3131 Fu
1686 3083 1796 3133 inter
1811 3081 1919 3129 hanc
1939 3082 1987 3129 8<

1831 3149 1987 3199 urbem
