2114 3412
58 1528 127 1597 jus
135 1526 321 1577 coctores
331 1523 534 1575 cereviliae
546 1525 724 1575 Sinenfis
733 1526 906 1592 Sampson
919 1565 932 1588 ‚
954 1527 1039 1577 sive
1048 1533 1166 1594 Sanpe
1176 1567 1188 1589 ‚
1206 1549 1298 1597 quae
1309 1549 1364 1578 ex
1375 1546 1504 1597 oryza
1516 1536 1716 1598 premitur

63 1599 248 1657 habent3
271 1597 385 1644 unde
399 1610 496 1643 toto
507 1599 666 1662 Regno
676 1599 843 1645 Tartari
862 1598 1137 1665 Sinensesque
1150 1603 1195 1648 8<
1207 1600 1282 1667 ipsi
1294 1601 1440 1648 incolae
1453 1619 1551 1649 eum
1562 1618 1716 1669 potum

63 1668 325 1734 impertiunt.

135 1738 268 1790 sinae,
285 1751 432 1783 verum
450 1752 503 1782 an
524 1733 665 1783 fabula
684 1734 733 1783 sit
749 1736 927 1802 perinde
941 1759 955 1797 3
979 1737 1110 1786 multa
1121 1737 1189 1786 hic
1199 1738 1252 1787 de
1262 1739 1372 1787 lacus
1387 1744 1446 1788 Vo
1456 1741 1568 1807 apud
1578 1741 1719 1789 secun-

65 1806 169 1854 dum
180 1806 375 1853 Civitatis
388 1807 449 1851 H
448 1803 548 1853 okien
557 1838 571 1858 ‚
593 1806 700 1852 Hien
712 1807 943 1872 Oppidum
954 1840 969 1861 ,
990 1807 1136 1855 decem
1148 1810 1171 1856 a
1184 1807 1314 1856 Taclm
1325 1808 1567 1857 milliaribus
1578 1812 1720 1876 prodi·

63 1877 141 1944 giis
158 1874 380 1923 narrabant
399 1891 408 1917 ε
434 1874 620 1935 Lapidem
637 1876 673 1919 in
692 1875 767 1938 ejus
786 1893 898 1941 aquas
907 1875 1286 1943 conjeHumstmgtiinis
1296 1878 1406 1945 instar
1416 1878 1592 1938 rubescere
1603 1880 1719 1946 ‚folia

63 1944 230 1992 arborum
249 1946 334 2007 ripis
351 1942 653 2006 impendentium,
674 1942 734 1989 uln'
754 1943 948 1991 deciderint
959 1983 972 2004 ‚
998 1950 1040 1992 vi
1055 1964 1233 2010 aquarum
1252 1966 1341 1994 mox
1361 1951 1396 1993 iii
1416 1949 1580 1995 volantes
1597 1951 1719 1996 himin»

64 2013 163 2060 dines
181 2016 342 2060 converti
351 2047 364 2070 ‚
387 2013 432 2058 &
445 2010 582 2076 qualia
593 2010 710 2078 vulgi
720 2010 962 2061 commenta
974 2015 1028 2062 ad
1038 2013 1220 2062 lubitum
1232 2015 1500 2064 credulorum
1511 2017 1598 2065 aliae
1609 2035 1720 2084 quo»-

1 2096 4 2098 ’
65 2099 150 2147 que
160 2095 305 2149 gentes
313 2080 700 2135 comminiscuntur,
710 2081 775 2128 vel
784 2084 990 2148 opinione
998 2083 1185 2148 deceptae
1196 2083 1297 2132 falso
1305 2086 1494 2133 credunt.

133 2149 347 2217 Vigesima
364 2149 510 2197 οξίᾶνει
521 2149 710 2197 celeriter
729 2152 985 2216 praeterveffl
998 2155 1169 2200 tertium
1187 2153 1401 2201 decimum
1413 2157 1608 2203 Civitatis
1620 2158 1718 2203 Hom
1736 2166 1871 2209 28.Jumi

65 2220 142 2270 kien
155 2219 384 2286 Oppidum
397 2217 579 2265 Australi
590 2220 689 2284 ripae
701 2219 856 2287 sagittae
866 2219 1014 2285 procul
1021 2222 1135 2283 ja&u
1146 2222 1324 2270 adfitum
1333 2226 1376 2269 T
1389 2228 1435 2272 O
1446 2227 1492 2271 N
1504 2227 1605 2280 QU
1614 2228 1657 2270 A
1666 2227 1719 2271 M
1736 2218 1893 2280 Εζξζξῖς

65 2286 150 2337 five
159 2291 403 2354 Tungquang.
438 2288 626 2336 Unicum
637 2306 721 2353 prae
733 2290 875 2352 paucis
885 2288 1152 2355 privilegium
1164 2291 1247 2337 hoc
1255 2291 1403 2346 habet,
1423 2294 1543 2357 quod
1565 2292 1636 2339 soli
1656 2296 1719 2340 Si-
1735 2294 1841 2364 ΤυΟΛζζῐ·

62 2348 415 2417 nenses‚Tartaris
424 2354 594 2415 seclusis,
603 2373 695 2402 eam
708 2354 896 2421 praesidio
906 2357 1157 2406 custodiunt.
1176 2362 1392 2414 Quadrata
1405 2364 1450 2409 &
1466 2361 1564 2428 ipsa,
1574 2376 1621 2409 ut
1633 2361 1720 2427 ple·
1736 2345 1777 2374 Q
1839 2358 1844 2364 ’

62 2437 216 2492 raeque,
227 2429 339 2475 horae
350 2425 511 2473 ambitu
521 2462 533 2483 ,
552 2423 697 2490 amplo
709 2443 831 2472 muro
851 2424 1019 2490 lataque
1029 2427 1133 2475 fossa
1145 2464 1156 2486 ,
1163 2428 1358 2491 jucundo
1366 2430 1510 2495 paffim'
1523 2431 1720 2478 arborum

64 2513 141 2561 per
155 2513 326 2560 campos
336 2494 569 2560 prospeffku.
606 2492 697 2560 Ipsa
711 2496 829 2559 regio
838 2496 1033 2542 Civitatis
1045 2500 1202 2547 Hokien
1213 2511 1318 2545 terra
1329 2501 1479 2566 pingui
1490 2499 1720 2561 limosaque

66 2566 292 2613 Orientem
302 2564 437 2611 versus
454 2587 466 2623 3
481 2564 555 2610 ubi
573 2565 741 2611 Oceani
755 2563 885 2610 lndici
896 2563 1193 2614 flufiuslittora
1208 2566 1418 2634 plangunt
1430 2605 1441 2626 ,
1458 2571 1651 2637 ingentes
1664 2568 1718 2615 la-

67 2632 159 2679 linis
173 2632 286 2697 pleni
297 2636 432 2698 campi
443 2667 456 2687 ,
473 2651 520 2679 ac
531 2632 736 2698 planitieS.

137 2703 367 2767 Oppidum
387 2705 429 2748 in
451 2703 596 2749 medio
616 2702 712 2749 foro
736 2700 868 2750 leonis
884 2720 939 2750 ex
958 2702 1051 2752 fuso
1071 2702 1183 2751 ferro
1208 2706 1393 2771 imagine
1413 2705 1602 2765 celebre,
1622 2723 1722 2754 cum

68 2771 291 2817 Pinxentous
298 2771 471 2834 jactaret
480 2808 492 2832 ,
506 2772 595 2833 ejus
605 2771 823 2838 elegantiae
834 2773 1027 2819 videndae
1038 2771 1175 2819 studio
1187 2776 1227 2820 in
1233 2775 1410 2840 gressum
1421 2775 1693 2840 cupiebamus
1707 2798 1719 2834 3

66 2837 137 2885 scd
150 2853 354 2902 negarunt
365 2841 473 2887 cives
491 2875 502 2896 ,
522 2843 567 2888 8<
590 2855 708 2888 metu
728 2841 883 2905 panico
902 2841 954 2887 ad
973 2839 1074 2888 lares
1087 2841 1179 2888 suos
1190 2844 1482 2910 confugientes
1493 2844 1531 2891 se
1543 2848 1721 2892 Batavo-

69 2924 164 2955 rum
174 2904 304 2953 oculis
314 2906 598 2956 subducebant
608 2909 745 2957 cuncli
757 2945 767 2967 ,
783 2909 898 2956 unde
910 2911 1038 2972 portis
1048 2909 1188 2957 clausis
1199 2947 1210 2969 ,
1231 2915 1437 2960 exteriora
1446 2912 1719 2979 contemplari

69 2976 260 3022 contenti
282 2974 529 3024 discessimus
546 2978 598 3025 ad
620 2980 785 3044 navigia
800 3015 812 3037 ‚
833 2978 985 3044 quibus
1004 2981 1154 3045 Legati
1164 2994 1294 3027 vento
1305 2982 1524 3047 fluvioque
1535 2982 1725 3030 secundis

70 3045 124 3091 ad
145 3059 306 3091 certum
325 3044 668 3109 propellebantur
690 3065 849 3114 pagum
876 3084 888 3107 ‚
908 3046 981 3093 ubi
1002 3065 1077 3094 nos
1098 3049 1140 3094 in
1163 3049 1346 3096 mediam
1365 3050 1535 3099 noctem
1554 3051 1722 3117 praesto-

70 3111 263 3163 labantur
273 3149 286 3173 ,
311 3113 452 3161 donec
483 3114 794 3164 adveneremus.
839 3115 979 3165 Nobis
995 3131 1142 3182 parum
1160 3117 1324 3167 refeciis
1346 3119 1536 3169 narrabat
1555 3120 1725 3184 hospes,

1042 3187 1085 3232 R
1611 3190 1724 3235 hunc
