<?xml version="1.0" encoding="UTF-8"?>
<!DOCTYPE html PUBLIC "-//W3C//DTD XHTML 1.0 Transitional//EN"
    "http://www.w3.org/TR/xhtml1/DTD/xhtml1-transitional.dtd">
<html xmlns="http://www.w3.org/1999/xhtml" xml:lang="en" lang="en">
 <head>
  <title>
</title>
<meta http-equiv="Content-Type" content="text/html;charset=utf-8" />
  <meta name='ocr-system' content='tesseract 3.04.00' />
  <meta name='ocr-capabilities' content='ocr_page ocr_carea ocr_par ocr_line ocrx_word'/>
</head>
<body>
  <div class='ocr_page' id='page_1' title='image "./legatiobatavicaa00nieu_0062.png"; bbox 0 0 2150 3370; ppageno 0'>
   <div class='ocr_carea' id='block_1_1' title="bbox 293 161 1576 248">
    <p class='ocr_par' dir='ltr' id='par_1_1' title="bbox 293 161 1576 248">
     <span class='ocr_line' id='line_1_1' title="bbox 293 161 1576 248; baseline -0.005 -22"><span class='ocrx_word' id='word_1_1' title='bbox 293 194 368 241; x_wconf 86' lang='lat'><strong>44</strong></span> <span class='ocrx_word' id='word_1_2' title='bbox 681 167 822 225; x_wconf 70' lang='lat' dir='ltr'><strong>Pars</strong></span> <span class='ocrx_word' id='word_1_3' title='bbox 829 163 991 246; x_wconf 75' lang='lat' dir='ltr'><strong>prima</strong></span> <span class='ocrx_word' id='word_1_4' title='bbox 1010 161 1292 248; x_wconf 76' lang='lat' dir='ltr'><strong>Legationis</strong></span> <span class='ocrx_word' id='word_1_5' title='bbox 1311 165 1576 223; x_wconf 65' lang='lat' dir='ltr'><strong>Patavicae</strong></span> 
     </span>
    </p>
   </div>
   <div class='ocr_carea' id='block_1_2' title="bbox 102 265 1963 1175">
    <p class='ocr_par' dir='ltr' id='par_1_2' title="bbox 106 265 1963 480">
     <span class='ocr_line' id='line_1_2' title="bbox 109 265 1963 337; baseline 0 -20"><span class='ocrx_word' id='word_1_6' title='bbox 109 287 248 335; x_wconf 46' lang='lat' dir='ltr'><strong>Traditur</strong></span> <span class='ocrx_word' id='word_1_7' title='bbox 359 279 478 335; x_wconf 62' lang='lat' dir='ltr'><strong>Ergo</strong></span> <span class='ocrx_word' id='word_1_8' title='bbox 502 268 697 337; x_wconf 66' lang='lat' dir='ltr'><strong>vigesima</strong></span> <span class='ocrx_word' id='word_1_9' title='bbox 715 272 864 336; x_wconf 65' lang='lat' dir='ltr'><strong>quarta</strong></span> <span class='ocrx_word' id='word_1_10' title='bbox 882 268 1142 317; x_wconf 90' lang='lat' dir='ltr'><strong>Novembris</strong></span> <span class='ocrx_word' id='word_1_11' title='bbox 1168 269 1287 315; x_wconf 88' lang='lat' dir='ltr'><strong>Anni</strong></span> <span class='ocrx_word' id='word_1_12' title='bbox 1309 266 1515 315; x_wconf 75' lang='lat' dir='ltr'><strong>millesimi</strong></span> <span class='ocrx_word' id='word_1_13' title='bbox 1534 265 1821 314; x_wconf 72' lang='lat' dir='ltr'><strong>sexcentesimi</strong></span> <span class='ocrx_word' id='word_1_14' title='bbox 1841 272 1963 335; x_wconf 87' lang='lat' dir='ltr'><strong>quin—</strong></span> 
     </span>
     <span class='ocr_line' id='line_1_3' title="bbox 106 328 1962 410; baseline -0.003 -17"><span class='ocrx_word' id='word_1_15' title='bbox 106 333 215 360; x_wconf 47' lang='grc' dir='ltr'><strong>ΨΜ·</strong></span> <span class='ocrx_word' id='word_1_16' title='bbox 292 328 522 410; x_wconf 63' lang='lat' dir='ltr'><strong>quagelimi</strong></span> <span class='ocrx_word' id='word_1_17' title='bbox 536 343 761 406; x_wconf 85' lang='lat' dir='ltr'><strong>Equitatus</strong></span> <span class='ocrx_word' id='word_1_18' title='bbox 780 341 1021 388; x_wconf 88' lang='lat' dir='ltr'><strong>Tartaricus</strong></span> <span class='ocrx_word' id='word_1_19' title='bbox 1035 341 1232 386; x_wconf 87' lang='lat' dir='ltr'><strong>torrentis</strong></span> <span class='ocrx_word' id='word_1_20' title='bbox 1251 337 1375 385; x_wconf 82' lang='lat' dir='ltr'><strong>instar</strong></span> <span class='ocrx_word' id='word_1_21' title='bbox 1387 371 1400 392; x_wconf 86' lang='lat'><strong>,</strong></span> <span class='ocrx_word' id='word_1_22' title='bbox 1423 355 1500 403; x_wconf 90' lang='lat' dir='ltr'><strong>per</strong></span> <span class='ocrx_word' id='word_1_23' title='bbox 1520 351 1706 403; x_wconf 83' lang='lat' dir='ltr'><strong>apertam</strong></span> <span class='ocrx_word' id='word_1_24' title='bbox 1723 338 1745 383; x_wconf 69' lang='lat' dir='ltr'><strong>a</strong></span> <span class='ocrx_word' id='word_1_25' title='bbox 1757 338 1962 388; x_wconf 80' lang='lat' dir='ltr'>traditore</span> 
     </span>
     <span class='ocr_line' id='line_1_4' title="bbox 289 405 1963 480; baseline -0.002 -20"><span class='ocrx_word' id='word_1_26' title='bbox 289 427 471 480; x_wconf 85' lang='lat' dir='ltr'><strong>portam,</strong></span> <span class='ocrx_word' id='word_1_27' title='bbox 486 410 635 459; x_wconf 91' lang='lat' dir='ltr'><strong>urbem</strong></span> <span class='ocrx_word' id='word_1_28' title='bbox 652 413 875 474; x_wconf 74' lang='lat' dir='ltr'><strong>Kantonam</strong></span> <span class='ocrx_word' id='word_1_29' title='bbox 886 410 1036 475; x_wconf 84' lang='lat' dir='ltr'><strong>ir-rupit</strong></span> <span class='ocrx_word' id='word_1_30' title='bbox 1047 446 1058 469; x_wconf 85' lang='lat'><strong>,</strong></span> <span class='ocrx_word' id='word_1_31' title='bbox 1068 407 1278 475; x_wconf 83' lang='lat' dir='ltr'><strong>prostratis</strong></span> <span class='ocrx_word' id='word_1_32' title='bbox 1289 406 1450 473; x_wconf 85' lang='lat' dir='ltr'><strong>paffim,</strong></span> <span class='ocrx_word' id='word_1_33' title='bbox 1462 405 1586 472; x_wconf 88' lang='lat' dir='ltr'><strong>quise</strong></span> <span class='ocrx_word' id='word_1_34' title='bbox 1596 424 1821 472; x_wconf 87' lang='lat' dir='ltr'><strong>opponere</strong></span> <span class='ocrx_word' id='word_1_35' title='bbox 1831 425 1963 457; x_wconf 72' lang='lat' dir='ltr'><strong>cona-</strong></span> 
     </span>
    </p>

    <p class='ocr_par' dir='ltr' id='par_1_3' title="bbox 290 476 1963 614">
     <span class='ocr_line' id='line_1_5' title="bbox 290 476 1963 541; baseline -0.002 -11"><span class='ocrx_word' id='word_1_36' title='bbox 290 484 457 540; x_wconf 77' lang='lat' dir='ltr'><strong>bantur,</strong></span> <span class='ocrx_word' id='word_1_37' title='bbox 470 480 541 529; x_wconf 92' lang='lat' dir='ltr'><strong>sed</strong></span> <span class='ocrx_word' id='word_1_38' title='bbox 553 479 640 529; x_wconf 87' lang='lat' dir='ltr'><strong>sine</strong></span> <span class='ocrx_word' id='word_1_39' title='bbox 648 481 816 541; x_wconf 79' lang='lat' dir='ltr'><strong>ordine,</strong></span> <span class='ocrx_word' id='word_1_40' title='bbox 829 478 915 527; x_wconf 88' lang='lat' dir='ltr'><strong>fine</strong></span> <span class='ocrx_word' id='word_1_41' title='bbox 926 480 1070 537; x_wconf 84' lang='lat' dir='ltr'>Duce,</span> <span class='ocrx_word' id='word_1_42' title='bbox 1082 476 1331 526; x_wconf 83' lang='lat' dir='ltr'><strong>Sinenfibus.</strong></span> <span class='ocrx_word' id='word_1_43' title='bbox 1366 478 1566 541; x_wconf 86' lang='lat' dir='ltr'><strong>Recepto</strong></span> <span class='ocrx_word' id='word_1_44' title='bbox 1577 478 1686 524; x_wconf 89' lang='lat' dir='ltr'><strong>intra</strong></span> <span class='ocrx_word' id='word_1_45' title='bbox 1696 479 1856 525; x_wconf 88' lang='lat' dir='ltr'><strong>moenia</strong></span> <span class='ocrx_word' id='word_1_46' title='bbox 1865 492 1963 527; x_wconf 89' lang='lat' dir='ltr'><strong>toto</strong></span> 
     </span>
     <span class='ocr_line' id='line_1_6' title="bbox 290 546 1962 614; baseline -0.002 -14"><span class='ocrx_word' id='word_1_47' title='bbox 290 554 478 600; x_wconf 84' lang='lat' dir='ltr'><strong>exercitu</strong></span> <span class='ocrx_word' id='word_1_48' title='bbox 490 549 790 610; x_wconf 82' lang='lat' dir='ltr'><strong>hostilicaedes,</strong></span> <span class='ocrx_word' id='word_1_49' title='bbox 806 550 994 614; x_wconf 82' lang='lat' dir='ltr'><strong>direptio</strong></span> <span class='ocrx_word' id='word_1_50' title='bbox 1005 585 1018 608; x_wconf 85' lang='lat'><strong>,</strong></span> <span class='ocrx_word' id='word_1_51' title='bbox 1033 547 1210 608; x_wconf 85' lang='lat' dir='ltr'><strong>clamor,</strong></span> <span class='ocrx_word' id='word_1_52' title='bbox 1222 546 1487 612; x_wconf 84' lang='lat' dir='ltr'><strong>ejulatusque</strong></span> <span class='ocrx_word' id='word_1_53' title='bbox 1501 547 1658 593; x_wconf 84' lang='lat' dir='ltr'><strong>mixtus</strong></span> <span class='ocrx_word' id='word_1_54' title='bbox 1669 548 1962 597; x_wconf 87' lang='lat' dir='ltr'><strong>occidentium</strong></span> 
     </span>
    </p>

    <p class='ocr_par' dir='ltr' id='par_1_4' title="bbox 289 616 1960 687">
     <span class='ocr_line' id='line_1_7' title="bbox 289 616 1960 687; baseline -0.002 -18"><span class='ocrx_word' id='word_1_55' title='bbox 289 624 444 687; x_wconf 78' lang='lat' dir='ltr'><strong>pariter</strong></span> <span class='ocrx_word' id='word_1_56' title='bbox 467 624 513 669; x_wconf 84' lang='lat'>&amp;</span> <span class='ocrx_word' id='word_1_57' title='bbox 537 621 792 669; x_wconf 82' lang='lat' dir='ltr'><strong>cadentium.</strong></span> <span class='ocrx_word' id='word_1_58' title='bbox 829 622 1006 686; x_wconf 84' lang='lat' dir='ltr'><strong>Integro</strong></span> <span class='ocrx_word' id='word_1_59' title='bbox 1017 618 1157 666; x_wconf 89' lang='lat' dir='ltr'><strong>mense</strong></span> <span class='ocrx_word' id='word_1_60' title='bbox 1170 617 1267 665; x_wconf 91' lang='lat' dir='ltr'><strong>urbs</strong></span> <span class='ocrx_word' id='word_1_61' title='bbox 1284 630 1401 665; x_wconf 85' lang='lat' dir='ltr'><strong>tanta</strong></span> <span class='ocrx_word' id='word_1_62' title='bbox 1410 616 1558 682; x_wconf 80' lang='lat' dir='ltr'><strong>praedae</strong></span> <span class='ocrx_word' id='word_1_63' title='bbox 1569 616 1759 682; x_wconf 76' lang='lat' dir='ltr'><strong>caedique</strong></span> <span class='ocrx_word' id='word_1_64' title='bbox 1767 616 1960 683; x_wconf 72' lang='lat' dir='ltr'><strong>exposita</strong></span> 
     </span>
    </p>

    <p class='ocr_par' dir='ltr' id='par_1_5' title="bbox 288 684 1961 756">
     <span class='ocr_line' id='line_1_8' title="bbox 288 684 1961 756; baseline -0.001 -18"><span class='ocrx_word' id='word_1_65' title='bbox 288 691 387 746; x_wconf 86' lang='lat' dir='ltr'><strong>fuit,</strong></span> <span class='ocrx_word' id='word_1_66' title='bbox 397 690 514 749; x_wconf 71' lang='lat' dir='ltr'><strong>caesis,</strong></span> <span class='ocrx_word' id='word_1_67' title='bbox 529 689 558 737; x_wconf 87' lang='lat' dir='ltr'>fi</span> <span class='ocrx_word' id='word_1_68' title='bbox 567 706 725 756; x_wconf 86' lang='lat' dir='ltr'><strong>paucos</strong></span> <span class='ocrx_word' id='word_1_69' title='bbox 739 690 925 755; x_wconf 81' lang='lat' dir='ltr'><strong>excipias</strong></span> <span class='ocrx_word' id='word_1_70' title='bbox 933 687 1142 747; x_wconf 76' lang='lat' dir='ltr'><strong>eruditOS,</strong></span> <span class='ocrx_word' id='word_1_71' title='bbox 1162 687 1341 735; x_wconf 85' lang='lat' dir='ltr'><strong>artifices</strong></span> <span class='ocrx_word' id='word_1_72' title='bbox 1351 721 1364 741; x_wconf 83' lang='lat'><strong>,</strong></span> <span class='ocrx_word' id='word_1_73' title='bbox 1382 684 1662 751; x_wconf 89' lang='lat' dir='ltr'><strong>robustosque</strong></span> <span class='ocrx_word' id='word_1_74' title='bbox 1678 687 1961 752; x_wconf 75' lang='lat' dir='ltr'><strong>congerendae</strong></span> 
     </span>
    </p>

    <p class='ocr_par' dir='ltr' id='par_1_6' title="bbox 290 754 1962 826">
     <span class='ocr_line' id='line_1_9' title="bbox 290 754 1962 826; baseline -0.002 -17"><span class='ocrx_word' id='word_1_75' title='bbox 290 763 446 826; x_wconf 77' lang='lat' dir='ltr'><strong>rapinae</strong></span> <span class='ocrx_word' id='word_1_76' title='bbox 467 760 645 807; x_wconf 87' lang='lat' dir='ltr'><strong>idoneos</strong></span> <span class='ocrx_word' id='word_1_77' title='bbox 655 795 667 818; x_wconf 84' lang='lat'>‚</span> <span class='ocrx_word' id='word_1_78' title='bbox 678 759 891 817; x_wconf 83' lang='lat' dir='ltr'><strong>omnibus,</strong></span> <span class='ocrx_word' id='word_1_79' title='bbox 907 770 1126 823; x_wconf 87' lang='lat' dir='ltr'>quotquot</span> <span class='ocrx_word' id='word_1_80' title='bbox 1137 755 1509 823; x_wconf 83' lang='lat' dir='ltr'><strong>populocissimam</strong></span> <span class='ocrx_word' id='word_1_81' title='bbox 1521 754 1671 803; x_wconf 86' lang='lat' dir='ltr'><strong>urbem</strong></span> <span class='ocrx_word' id='word_1_82' title='bbox 1682 754 1962 806; x_wconf 87' lang='lat' dir='ltr'><strong>incoluerant.</strong></span> 
     </span>
    </p>

    <p class='ocr_par' dir='ltr' id='par_1_7' title="bbox 289 825 1961 895">
     <span class='ocr_line' id='line_1_10' title="bbox 289 825 1961 895; baseline -0.002 -17"><span class='ocrx_word' id='word_1_83' title='bbox 289 834 417 878; x_wconf 82' lang='lat' dir='ltr'><strong>Sexta</strong></span> <span class='ocrx_word' id='word_1_84' title='bbox 430 831 606 878; x_wconf 89' lang='lat' dir='ltr'><strong>demum</strong></span> <span class='ocrx_word' id='word_1_85' title='bbox 618 829 871 876; x_wconf 87' lang='lat' dir='ltr'><strong>Decembris</strong></span> <span class='ocrx_word' id='word_1_86' title='bbox 882 831 1084 895; x_wconf 82' lang='lat' dir='ltr'><strong>Proreges</strong></span> <span class='ocrx_word' id='word_1_87' title='bbox 1094 827 1253 875; x_wconf 85' lang='lat' dir='ltr'><strong>caedem</strong></span> <span class='ocrx_word' id='word_1_88' title='bbox 1265 825 1546 874; x_wconf 88' lang='lat' dir='ltr'><strong>inhibuerunt</strong></span> <span class='ocrx_word' id='word_1_89' title='bbox 1554 863 1565 885; x_wconf 84' lang='lat'><strong>,</strong></span> <span class='ocrx_word' id='word_1_90' title='bbox 1579 842 1676 872; x_wconf 87' lang='lat' dir='ltr'><strong>cum</strong></span> <span class='ocrx_word' id='word_1_91' title='bbox 1684 826 1772 885; x_wconf 89' lang='lat' dir='ltr'><strong>jam</strong></span> <span class='ocrx_word' id='word_1_92' title='bbox 1781 859 1797 880; x_wconf 81' lang='lat'><strong>,</strong></span> <span class='ocrx_word' id='word_1_93' title='bbox 1808 827 1882 891; x_wconf 90' lang='lat' dir='ltr'><strong>qui</strong></span> <span class='ocrx_word' id='word_1_94' title='bbox 1894 844 1961 875; x_wconf 92' lang='lat' dir='ltr'><strong>ce-</strong></span> 
     </span>
    </p>

    <p class='ocr_par' dir='ltr' id='par_1_8' title="bbox 102 894 1963 1105">
     <span class='ocr_line' id='line_1_11' title="bbox 125 894 1962 965; baseline -0.003 -16"><span class='ocrx_word' id='word_1_95' title='bbox 125 907 239 963; x_wconf 25' lang='lat' dir='ltr'><strong>nepio-¹</strong></span> <span class='ocrx_word' id='word_1_96' title='bbox 289 900 504 957; x_wconf 89' lang='lat' dir='ltr'><strong>derentur,</strong></span> <span class='ocrx_word' id='word_1_97' title='bbox 516 899 771 965; x_wconf 80' lang='lat' dir='ltr'><strong>superessent</strong></span> <span class='ocrx_word' id='word_1_98' title='bbox 784 900 870 948; x_wconf 78' lang='lat' dir='ltr'><strong>sere</strong></span> <span class='ocrx_word' id='word_1_99' title='bbox 883 896 998 945; x_wconf 90' lang='lat' dir='ltr'><strong>nulli.</strong></span> <span class='ocrx_word' id='word_1_100' title='bbox 1027 904 1087 945; x_wconf 78' lang='lat' dir='ltr'><strong>lta</strong></span> <span class='ocrx_word' id='word_1_101' title='bbox 1098 899 1259 961; x_wconf 73' lang='lat' dir='ltr'><strong>Kanton</strong></span> <span class='ocrx_word' id='word_1_102' title='bbox 1270 897 1412 963; x_wconf 89' lang='lat' dir='ltr'><strong>periit,</strong></span> <span class='ocrx_word' id='word_1_103' title='bbox 1421 910 1508 944; x_wconf 86' lang='lat' dir='ltr'><strong>tam</strong></span> <span class='ocrx_word' id='word_1_104' title='bbox 1519 895 1638 945; x_wconf 85' lang='lat' dir='ltr'><strong>brevi</strong></span> <span class='ocrx_word' id='word_1_105' title='bbox 1651 897 1858 960; x_wconf 87' lang='lat' dir='ltr'><strong>temporis</strong></span> <span class='ocrx_word' id='word_1_106' title='bbox 1867 894 1894 941; x_wconf 92' lang='lat' dir='ltr'><strong>s</strong></span> <span class='ocrx_word' id='word_1_107' title='bbox 1883 915 1962 962; x_wconf 78' lang='lat' dir='ltr'><strong>pa-</strong></span> 
     </span>
     <span class='ocr_line' id='line_1_12' title="bbox 102 949 1963 1035; baseline -0.003 -16"><span class='ocrx_word' id='word_1_108' title='bbox 102 949 270 1035; x_wconf 52' lang='lat' dir='ltr'><strong>{fessfiastm‘</strong></span> <span class='ocrx_word' id='word_1_109' title='bbox 292 972 354 1018; x_wconf 89' lang='lat' dir='ltr'><strong>tio</strong></span> <span class='ocrx_word' id='word_1_110' title='bbox 374 969 615 1035; x_wconf 58' lang='lat' dir='ltr'><strong>offitoginta,</strong></span> <span class='ocrx_word' id='word_1_111' title='bbox 637 971 683 1017; x_wconf 63' lang='grc' dir='ltr'><strong>ὃς</strong></span> <span class='ocrx_word' id='word_1_112' title='bbox 704 967 734 1015; x_wconf 87' lang='lat' dir='ltr'>fi</span> <span class='ocrx_word' id='word_1_113' title='bbox 752 970 963 1017; x_wconf 87' lang='lat' dir='ltr'><strong>Martinio</strong></span> <span class='ocrx_word' id='word_1_114' title='bbox 974 968 1184 1015; x_wconf 90' lang='lat' dir='ltr'><strong>credimus</strong></span> <span class='ocrx_word' id='word_1_115' title='bbox 1197 1004 1209 1027; x_wconf 95' lang='lat'><strong>,</strong></span> <span class='ocrx_word' id='word_1_116' title='bbox 1227 980 1402 1014; x_wconf 89' lang='lat' dir='ltr'><strong>centum</strong></span> <span class='ocrx_word' id='word_1_117' title='bbox 1410 964 1594 1013; x_wconf 83' lang='lat' dir='ltr'><strong>millibus</strong></span> <span class='ocrx_word' id='word_1_118' title='bbox 1606 966 1834 1013; x_wconf 86' lang='lat' dir='ltr'><strong>hominnm</strong></span> <span class='ocrx_word' id='word_1_119' title='bbox 1842 965 1963 1026; x_wconf 76' lang='lat' dir='ltr'><strong>caesis,</strong></span> 
     </span>
     <span class='ocr_line' id='line_1_13' title="bbox 290 1036 1962 1105; baseline -0.001 -19"><span class='ocrx_word' id='word_1_120' title='bbox 290 1037 492 1105; x_wconf 84' lang='lat' dir='ltr'><strong>paulatim</strong></span> <span class='ocrx_word' id='word_1_121' title='bbox 503 1053 646 1086; x_wconf 90' lang='lat' dir='ltr'><strong>tamen</strong></span> <span class='ocrx_word' id='word_1_122' title='bbox 662 1041 897 1104; x_wconf 81' lang='lat' dir='ltr'><strong>Proregurn</strong></span> <span class='ocrx_word' id='word_1_123' title='bbox 907 1055 1004 1085; x_wconf 90' lang='lat' dir='ltr'><strong>cura</strong></span> <span class='ocrx_word' id='word_1_124' title='bbox 1013 1036 1219 1103; x_wconf 82' lang='lat' dir='ltr'><strong>spiritum,</strong></span> <span class='ocrx_word' id='word_1_125' title='bbox 1229 1036 1564 1103; x_wconf 85' lang='lat' dir='ltr'><strong>sanguinemque</strong></span> <span class='ocrx_word' id='word_1_126' title='bbox 1583 1037 1744 1100; x_wconf 84' lang='lat' dir='ltr'><strong>recepit</strong></span> <span class='ocrx_word' id='word_1_127' title='bbox 1758 1073 1773 1094; x_wconf 86' lang='lat'><strong>,</strong></span> <span class='ocrx_word' id='word_1_128' title='bbox 1793 1048 1841 1082; x_wconf 90' lang='lat' dir='ltr'><strong>ut</strong></span> <span class='ocrx_word' id='word_1_129' title='bbox 1852 1036 1962 1084; x_wconf 87' lang='lat' dir='ltr'><strong>intra</strong></span> 
     </span>
    </p>

    <p class='ocr_par' dir='ltr' id='par_1_9' title="bbox 290 1104 1959 1175">
     <span class='ocr_line' id='line_1_14' title="bbox 290 1104 1959 1175; baseline -0.003 -19"><span class='ocrx_word' id='word_1_130' title='bbox 290 1126 446 1174; x_wconf 86' lang='lat' dir='ltr'><strong>paucos</strong></span> <span class='ocrx_word' id='word_1_131' title='bbox 472 1126 604 1156; x_wconf 89' lang='lat' dir='ltr'><strong>annos</strong></span> <span class='ocrx_word' id='word_1_132' title='bbox 633 1107 758 1170; x_wconf 84' lang='lat' dir='ltr'><strong>hujus</strong></span> <span class='ocrx_word' id='word_1_133' title='bbox 779 1107 907 1155; x_wconf 86' lang='lat' dir='ltr'><strong>claffis</strong></span> <span class='ocrx_word' id='word_1_134' title='bbox 925 1106 1099 1175; x_wconf 81' lang='lat' dir='ltr'><strong>vestigia</strong></span> <span class='ocrx_word' id='word_1_135' title='bbox 1124 1104 1254 1155; x_wconf 88' lang='lat' dir='ltr'><strong>deleri</strong></span> <span class='ocrx_word' id='word_1_136' title='bbox 1280 1107 1396 1172; x_wconf 75' lang='lat' dir='ltr'><strong>posse</strong></span> <span class='ocrx_word' id='word_1_137' title='bbox 1416 1107 1641 1154; x_wconf 89' lang='lat' dir='ltr'><strong>videantur</strong></span> <span class='ocrx_word' id='word_1_138' title='bbox 1660 1139 1672 1159; x_wconf 84' lang='lat'><strong>,</strong></span> <span class='ocrx_word' id='word_1_139' title='bbox 1708 1106 1753 1152; x_wconf 88' lang='lat' dir='ltr'><strong>in</strong></span> <span class='ocrx_word' id='word_1_140' title='bbox 1773 1121 1959 1168; x_wconf 91' lang='lat' dir='ltr'><strong>quorum</strong></span> 
     </span>
    </p>
   </div>
   <div class='ocr_carea' id='block_1_3' title="bbox 284 1178 767 1226">
    <p class='ocr_par' dir='ltr' id='par_1_10' title="bbox 284 1178 767 1226">
     <span class='ocr_line' id='line_1_15' title="bbox 284 1178 767 1226; baseline -0.002 -2"><span class='ocrx_word' id='word_1_141' title='bbox 284 1178 427 1225; x_wconf 82' lang='lat' dir='ltr'><strong>laudes</strong></span> <span class='ocrx_word' id='word_1_142' title='bbox 444 1179 533 1226; x_wconf 84' lang='lat' dir='ltr'><strong>haec</strong></span> <span class='ocrx_word' id='word_1_143' title='bbox 551 1179 738 1225; x_wconf 88' lang='lat' dir='ltr'><strong>canimus</strong></span> <span class='ocrx_word' id='word_1_144' title='bbox 757 1197 767 1223; x_wconf 93' lang='lat'><strong>:</strong></span> 
     </span>
    </p>
   </div>
   <div class='ocr_carea' id='block_1_4' title="bbox 562 1272 1583 1544">
    <p class='ocr_par' dir='ltr' id='par_1_11' title="bbox 563 1272 1480 1410">
     <span class='ocr_line' id='line_1_16' title="bbox 563 1272 1480 1341; baseline -0.001 -19"><span class='ocrx_word' id='word_1_145' title='bbox 563 1274 755 1340; x_wconf 72' lang='lat' dir='ltr'><strong>Illustrant</strong></span> <span class='ocrx_word' id='word_1_146' title='bbox 765 1274 902 1341; x_wconf 75' lang='lat' dir='ltr'><strong>gemini</strong></span> <span class='ocrx_word' id='word_1_147' title='bbox 925 1275 1028 1322; x_wconf 83' lang='lat' dir='ltr'><strong>Soles</strong></span> <span class='ocrx_word' id='word_1_148' title='bbox 1051 1272 1480 1338; x_wconf 74' lang='lat' dir='ltr'><strong>Kantonasuperbttm,</strong></span> 
     </span>
     <span class='ocr_line' id='line_1_17' title="bbox 631 1343 1388 1410; baseline 0.003 -21"><span class='ocrx_word' id='word_1_149' title='bbox 631 1347 792 1410; x_wconf 73' lang='lat' dir='ltr'><strong>Qorum</strong></span> <span class='ocrx_word' id='word_1_150' title='bbox 813 1348 968 1392; x_wconf 67' lang='lat' dir='ltr'><strong>virtutes</strong></span> <span class='ocrx_word' id='word_1_151' title='bbox 987 1344 1116 1406; x_wconf 70' lang='lat' dir='ltr'><strong>inclyta</strong></span> <span class='ocrx_word' id='word_1_152' title='bbox 1124 1343 1240 1407; x_wconf 72' lang='lat' dir='ltr'><strong>fama</strong></span> <span class='ocrx_word' id='word_1_153' title='bbox 1259 1343 1388 1408; x_wconf 72' lang='lat' dir='ltr'><strong>refert.</strong></span> 
     </span>
    </p>

    <p class='ocr_par' dir='ltr' id='par_1_12' title="bbox 562 1412 1583 1544">
     <span class='ocr_line' id='line_1_18' title="bbox 562 1412 1583 1479; baseline -0.001 -20"><span class='ocrx_word' id='word_1_154' title='bbox 562 1415 608 1459; x_wconf 90' lang='lat' dir='ltr'><em>U</em></span> <span class='ocrx_word' id='word_1_155' title='bbox 612 1428 695 1479; x_wconf 76' lang='lat' dir='ltr'><strong>tque</strong></span> <span class='ocrx_word' id='word_1_156' title='bbox 714 1412 991 1460; x_wconf 65' lang='lat' dir='ltr'><strong>Tamerlanidis</strong></span> <span class='ocrx_word' id='word_1_157' title='bbox 1010 1425 1228 1460; x_wconf 64' lang='lat' dir='ltr'><strong>renovarent</strong></span> <span class='ocrx_word' id='word_1_158' title='bbox 1235 1413 1389 1476; x_wconf 77' lang='lat' dir='ltr'><strong>sceptra</strong></span> <span class='ocrx_word' id='word_1_159' title='bbox 1407 1413 1583 1476; x_wconf 75' lang='lat' dir='ltr'><strong>potentis,</strong></span> 
     </span>
     <span class='ocr_line' id='line_1_19' title="bbox 628 1482 1376 1544; baseline 0.003 -16"><span class='ocrx_word' id='word_1_160' title='bbox 628 1482 836 1528; x_wconf 54' lang='lat' dir='ltr'><strong>Edomussre</strong></span> <span class='ocrx_word' id='word_1_161' title='bbox 859 1484 976 1528; x_wconf 88' lang='lat' dir='ltr'><strong>Sinas</strong></span> <span class='ocrx_word' id='word_1_162' title='bbox 996 1486 1233 1544; x_wconf 77' lang='lat' dir='ltr'><strong>armipotente</strong></span> <span class='ocrx_word' id='word_1_163' title='bbox 1253 1500 1376 1530; x_wconf 78' lang='lat' dir='ltr'><strong>manu.</strong></span> 
     </span>
    </p>
   </div>
   <div class='ocr_carea' id='block_1_5' title="bbox 98 1586 1958 1725">
    <p class='ocr_par' dir='ltr' id='par_1_13' title="bbox 98 1586 1958 1725">
     <span class='ocr_line' id='line_1_20' title="bbox 130 1586 1958 1656; baseline -0.001 -20"><span class='ocrx_word' id='word_1_164' title='bbox 130 1608 235 1646; x_wconf 61' lang='lat' dir='ltr'><strong>Legna</strong></span> <span class='ocrx_word' id='word_1_165' title='bbox 350 1591 458 1636; x_wconf 84' lang='lat' dir='ltr'><strong>Tres</strong></span> <span class='ocrx_word' id='word_1_166' title='bbox 468 1590 625 1636; x_wconf 88' lang='lat' dir='ltr'><strong>interea</strong></span> <span class='ocrx_word' id='word_1_167' title='bbox 634 1587 917 1636; x_wconf 84' lang='lat' dir='ltr'><strong>hebdomadae</strong></span> <span class='ocrx_word' id='word_1_168' title='bbox 928 1591 1224 1656; x_wconf 68' lang='lat' dir='ltr'><strong>praeterierant,</strong></span> <span class='ocrx_word' id='word_1_169' title='bbox 1234 1608 1290 1637; x_wconf 80' lang='lat' dir='ltr'><strong>ex</strong></span> <span class='ocrx_word' id='word_1_170' title='bbox 1301 1607 1390 1655; x_wconf 93' lang='lat' dir='ltr'><strong>quo</strong></span> <span class='ocrx_word' id='word_1_171' title='bbox 1406 1591 1561 1656; x_wconf 83' lang='lat' dir='ltr'><strong>Legati</strong></span> <span class='ocrx_word' id='word_1_172' title='bbox 1570 1591 1676 1637; x_wconf 90' lang='lat' dir='ltr'><strong>intra</strong></span> <span class='ocrx_word' id='word_1_173' title='bbox 1689 1589 1830 1635; x_wconf 86' lang='lat' dir='ltr'><strong>navim</strong></span> <span class='ocrx_word' id='word_1_174' title='bbox 1839 1586 1958 1636; x_wconf 88' lang='lat' dir='ltr'><strong>suam</strong></span> 
     </span>
     <span class='ocr_line' id='line_1_21' title="bbox 98 1650 1958 1725; baseline -0.001 -19"><span class='ocrx_word' id='word_1_175' title='bbox 98 1650 238 1720; x_wconf 51' lang='grc' dir='ltr'><strong>ξξωξξξ</strong></span> <span class='ocrx_word' id='word_1_176' title='bbox 283 1658 583 1706; x_wconf 87' lang='lat' dir='ltr'><strong>detinebantur</strong></span> <span class='ocrx_word' id='word_1_177' title='bbox 596 1694 608 1717; x_wconf 85' lang='lat'><strong>,</strong></span> <span class='ocrx_word' id='word_1_178' title='bbox 627 1675 727 1705; x_wconf 89' lang='lat' dir='ltr'><strong>cum</strong></span> <span class='ocrx_word' id='word_1_179' title='bbox 745 1659 899 1705; x_wconf 89' lang='lat' dir='ltr'><strong>iterum</strong></span> <span class='ocrx_word' id='word_1_180' title='bbox 919 1659 1172 1707; x_wconf 84' lang='lat' dir='ltr'><strong>exscendere</strong></span> <span class='ocrx_word' id='word_1_181' title='bbox 1191 1659 1287 1723; x_wconf 86' lang='lat' dir='ltr'><strong>juffi</strong></span> <span class='ocrx_word' id='word_1_182' title='bbox 1311 1663 1357 1708; x_wconf 74' lang='lat'><strong>8&lt;</strong></span> <span class='ocrx_word' id='word_1_183' title='bbox 1378 1660 1491 1725; x_wconf 87' lang='lat' dir='ltr'><strong>prius</strong></span> <span class='ocrx_word' id='word_1_184' title='bbox 1510 1658 1739 1724; x_wconf 89' lang='lat' dir='ltr'><strong>hospitium</strong></span> <span class='ocrx_word' id='word_1_185' title='bbox 1749 1670 1958 1723; x_wconf 86' lang='lat' dir='ltr'><strong>repetere,</strong></span> 
     </span>
    </p>
   </div>
   <div class='ocr_carea' id='block_1_6' title="bbox 95 1727 1964 2352">
    <p class='ocr_par' dir='ltr' id='par_1_14' title="bbox 97 1727 1964 1804">
     <span class='ocr_line' id='line_1_22' title="bbox 97 1727 1964 1804; baseline -0.001 -29"><span class='ocrx_word' id='word_1_186' title='bbox 97 1735 266 1804; x_wconf 66' lang='lat' dir='ltr'><strong>istm-udmex-</strong></span> <span class='ocrx_word' id='word_1_187' title='bbox 284 1731 327 1775; x_wconf 90' lang='lat' dir='ltr'><strong>in</strong></span> <span class='ocrx_word' id='word_1_188' title='bbox 341 1747 430 1794; x_wconf 91' lang='lat' dir='ltr'><strong>quo</strong></span> <span class='ocrx_word' id='word_1_189' title='bbox 449 1729 471 1776; x_wconf 73' lang='grc' dir='ltr'><strong>εὶ</strong></span> <span class='ocrx_word' id='word_1_190' title='bbox 491 1727 675 1776; x_wconf 89' lang='lat' dir='ltr'><strong>militurn</strong></span> <span class='ocrx_word' id='word_1_191' title='bbox 694 1727 874 1776; x_wconf 89' lang='lat' dir='ltr'><strong>cohorte</strong></span> <span class='ocrx_word' id='word_1_192' title='bbox 895 1743 983 1777; x_wconf 87' lang='lat' dir='ltr'><strong>tam</strong></span> <span class='ocrx_word' id='word_1_193' title='bbox 995 1729 1106 1778; x_wconf 54' lang='lat' dir='ltr'><strong>arcte</strong></span> <span class='ocrx_word' id='word_1_194' title='bbox 1115 1728 1490 1789; x_wconf 66' lang='lat' dir='ltr'><strong>custoditisunt2ut</strong></span> <span class='ocrx_word' id='word_1_195' title='bbox 1499 1727 1669 1777; x_wconf 90' lang='lat' dir='ltr'><strong>nullaiis</strong></span> <span class='ocrx_word' id='word_1_196' title='bbox 1679 1728 1868 1776; x_wconf 87' lang='lat' dir='ltr'><strong>exeundi</strong></span> <span class='ocrx_word' id='word_1_197' title='bbox 1879 1744 1964 1792; x_wconf 72' lang='lat' dir='ltr'><strong>po-v</strong></span> 
     </span>
    </p>

    <p class='ocr_par' dir='ltr' id='par_1_15' title="bbox 110 1781 1169 1863">
     <span class='ocr_line' id='line_1_23' title="bbox 110 1781 1169 1863; baseline -0.001 -18"><span class='ocrx_word' id='word_1_198' title='bbox 110 1784 163 1804; x_wconf 84' lang='lat' dir='ltr'><strong>cen</strong></span> <span class='ocrx_word' id='word_1_199' title='bbox 189 1781 247 1805; x_wconf 81' lang='lat' dir='ltr'><strong>unt.</strong></span> <span class='ocrx_word' id='word_1_200' title='bbox 286 1798 405 1846; x_wconf 85' lang='lat' dir='ltr'><strong>testas</strong></span> <span class='ocrx_word' id='word_1_201' title='bbox 420 1797 738 1863; x_wconf 88' lang='lat' dir='ltr'><strong>relinqueretur.</strong></span> <span class='ocrx_word' id='word_1_202' title='bbox 1168 1846 1169 1849; x_wconf 60' lang='grc'>,</span> 
     </span>
    </p>

    <p class='ocr_par' dir='ltr' id='par_1_16' title="bbox 123 1866 1956 1941">
     <span class='ocr_line' id='line_1_24' title="bbox 123 1866 1956 1941; baseline 0.001 -28"><span class='ocrx_word' id='word_1_203' title='bbox 123 1868 227 1941; x_wconf 47' lang='lat' dir='ltr'><strong>‘33qu</strong></span> <span class='ocrx_word' id='word_1_204' title='bbox 357 1867 498 1915; x_wconf 89' lang='lat' dir='ltr'><strong>Biduo</strong></span> <span class='ocrx_word' id='word_1_205' title='bbox 507 1866 648 1931; x_wconf 85' lang='lat' dir='ltr'><strong>elapso</strong></span> <span class='ocrx_word' id='word_1_206' title='bbox 658 1866 939 1915; x_wconf 85' lang='lat' dir='ltr'><strong>Mandarinus</strong></span> <span class='ocrx_word' id='word_1_207' title='bbox 957 1867 1074 1933; x_wconf 81' lang='lat' dir='ltr'><strong>quasi</strong></span> <span class='ocrx_word' id='word_1_208' title='bbox 1092 1868 1204 1931; x_wconf 82' lang='lat' dir='ltr'><strong>juffu</strong></span> <span class='ocrx_word' id='word_1_209' title='bbox 1225 1870 1415 1933; x_wconf 85' lang='lat' dir='ltr'><strong>Proregis</strong></span> <span class='ocrx_word' id='word_1_210' title='bbox 1435 1869 1551 1915; x_wconf 84' lang='lat' dir='ltr'><strong>dona</strong></span> <span class='ocrx_word' id='word_1_211' title='bbox 1570 1867 1686 1916; x_wconf 89' lang='lat' dir='ltr'><strong>haud</strong></span> <span class='ocrx_word' id='word_1_212' title='bbox 1697 1868 1864 1915; x_wconf 87' lang='lat' dir='ltr'><strong>minora</strong></span> <span class='ocrx_word' id='word_1_213' title='bbox 1875 1880 1956 1915; x_wconf 89' lang='lat' dir='ltr'><strong>ter-</strong></span> 
     </span>
    </p>

    <p class='ocr_par' dir='ltr' id='par_1_17' title="bbox 96 1920 1957 2004">
     <span class='ocr_line' id='line_1_25' title="bbox 96 1920 1957 2004; baseline -0.001 -20"><span class='ocrx_word' id='word_1_214' title='bbox 96 1920 248 2001; x_wconf 48' lang='lat' dir='ltr'><strong>iiranfissssri-</strong></span> <span class='ocrx_word' id='word_1_215' title='bbox 286 1938 441 1984; x_wconf 88' lang='lat' dir='ltr'><strong>centies</strong></span> <span class='ocrx_word' id='word_1_216' title='bbox 453 1934 566 1983; x_wconf 90' lang='lat' dir='ltr'><strong>mille</strong></span> <span class='ocrx_word' id='word_1_217' title='bbox 578 1934 816 1982; x_wconf 88' lang='lat' dir='ltr'><strong>Toelarum</strong></span> <span class='ocrx_word' id='word_1_218' title='bbox 827 1941 991 2004; x_wconf 82' lang='lat' dir='ltr'><strong>argenti</strong></span> <span class='ocrx_word' id='word_1_219' title='bbox 1001 1937 1027 1984; x_wconf 89' lang='lat' dir='ltr'><strong>s</strong></span> <span class='ocrx_word' id='word_1_220' title='bbox 1019 1936 1222 1985; x_wconf 64' lang='lat' dir='ltr'><strong>uffestura</strong></span> <span class='ocrx_word' id='word_1_221' title='bbox 1234 1938 1404 2003; x_wconf 54' lang='lat' dir='ltr'><strong>Pekitggae</strong></span> <span class='ocrx_word' id='word_1_222' title='bbox 1413 1939 1672 2002; x_wconf 77' lang='lat' dir='ltr'><strong>Kantonaeque</strong></span> <span class='ocrx_word' id='word_1_223' title='bbox 1691 1937 1799 1984; x_wconf 87' lang='lat' dir='ltr'><strong>inter</strong></span> <span class='ocrx_word' id='word_1_224' title='bbox 1809 1954 1957 2003; x_wconf 87' lang='lat' dir='ltr'><strong>proce-</strong></span> 
     </span>
    </p>

    <p class='ocr_par' dir='ltr' id='par_1_18' title="bbox 95 1994 1958 2283">
     <span class='ocr_line' id='line_1_26' title="bbox 95 1994 1956 2074; baseline -0.001 -22"><span class='ocrx_word' id='word_1_225' title='bbox 95 1994 260 2068; x_wconf 32' lang='lat' dir='ltr'><strong>{ips-infimu-</strong></span> <span class='ocrx_word' id='word_1_226' title='bbox 283 2023 346 2053; x_wconf 89' lang='lat' dir='ltr'><strong>res</strong></span> <span class='ocrx_word' id='word_1_227' title='bbox 357 2005 657 2065; x_wconf 84' lang='lat' dir='ltr'><strong>distribuenda,</strong></span> <span class='ocrx_word' id='word_1_228' title='bbox 667 2018 815 2069; x_wconf 82' lang='lat' dir='ltr'><strong>praeter</strong></span> <span class='ocrx_word' id='word_1_229' title='bbox 825 2004 903 2053; x_wconf 90' lang='lat' dir='ltr'><strong>alia</strong></span> <span class='ocrx_word' id='word_1_230' title='bbox 914 2005 1147 2054; x_wconf 90' lang='lat' dir='ltr'><strong>minoribus</strong></span> <span class='ocrx_word' id='word_1_231' title='bbox 1157 2005 1473 2074; x_wconf 82' lang='lat' dir='ltr'><strong>Magistratibus</strong></span> <span class='ocrx_word' id='word_1_232' title='bbox 1481 2005 1636 2056; x_wconf 88' lang='lat' dir='ltr'><strong>debita.</strong></span> <span class='ocrx_word' id='word_1_233' title='bbox 1675 2009 1864 2071; x_wconf 82' lang='lat' dir='ltr'><strong>Legatis:</strong></span> <span class='ocrx_word' id='word_1_234' title='bbox 1887 2022 1956 2052; x_wconf 87' lang='lat' dir='ltr'><strong>non</strong></span> 
     </span>
     <span class='ocr_line' id='line_1_27' title="bbox 268 2073 1956 2143; baseline -0.001 -21"><span class='ocrx_word' id='word_1_235' title='bbox 268 2074 315 2136; x_wconf 78' lang='lat' dir='ltr'><strong>st’</strong></span> <span class='ocrx_word' id='word_1_236' title='bbox 336 2089 495 2139; x_wconf 82' lang='lat' dir='ltr'><strong>emptum</strong></span> <span class='ocrx_word' id='word_1_237' title='bbox 517 2075 650 2139; x_wconf 69' lang='lat' dir='ltr'><strong>veniffi’</strong></span> <span class='ocrx_word' id='word_1_238' title='bbox 667 2074 775 2122; x_wconf 75' lang='lat' dir='ltr'><strong>libem</strong></span> <span class='ocrx_word' id='word_1_239' title='bbox 786 2088 855 2138; x_wconf 81' lang='lat' dir='ltr'><strong>per</strong></span> <span class='ocrx_word' id='word_1_240' title='bbox 865 2079 990 2122; x_wconf 73' lang='lat' dir='ltr'><strong>Sinam</strong></span> <span class='ocrx_word' id='word_1_241' title='bbox 1000 2079 1221 2136; x_wconf 76' lang='lat' dir='ltr'><strong>commercia,</strong></span> <span class='ocrx_word' id='word_1_242' title='bbox 1229 2075 1545 2143; x_wconf 76' lang='lat' dir='ltr'><strong>regerentibu33</strong></span> <span class='ocrx_word' id='word_1_243' title='bbox 1566 2078 1608 2122; x_wconf 66' lang='lat'><strong>&amp;5&#39;</strong></span> <span class='ocrx_word' id='word_1_244' title='bbox 1615 2073 1680 2136; x_wconf 76' lang='lat' dir='ltr'><strong>fibi</strong></span> <span class='ocrx_word' id='word_1_245' title='bbox 1693 2078 1856 2138; x_wconf 81' lang='lat' dir='ltr'><strong>protinus</strong></span> <span class='ocrx_word' id='word_1_246' title='bbox 1866 2077 1956 2122; x_wconf 81' lang='lat' dir='ltr'><strong>Sina</strong></span> 
     </span>
     <span class='ocr_line' id='line_1_28' title="bbox 281 2143 1958 2213; baseline 0.001 -23"><span class='ocrx_word' id='word_1_247' title='bbox 281 2143 377 2191; x_wconf 77' lang='lat' dir='ltr'><strong>abire</strong></span> <span class='ocrx_word' id='word_1_248' title='bbox 384 2144 514 2209; x_wconf 82' lang='lat' dir='ltr'><strong>fixum</strong></span> <span class='ocrx_word' id='word_1_249' title='bbox 523 2146 780 2212; x_wconf 78' lang='lat' dir='ltr'><strong>statutumque</strong></span> <span class='ocrx_word' id='word_1_250' title='bbox 791 2181 803 2203; x_wconf 92' lang='lat'><strong>,</strong></span> <span class='ocrx_word' id='word_1_251' title='bbox 823 2146 896 2213; x_wconf 79' lang='lat' dir='ltr'><strong>nist</strong></span> <span class='ocrx_word' id='word_1_252' title='bbox 913 2147 1122 2210; x_wconf 52' lang='lat' dir='ltr'><strong>nequioribus</strong></span> <span class='ocrx_word' id='word_1_253' title='bbox 1130 2145 1414 2193; x_wconf 72' lang='lat' dir='ltr'><strong>admitterentur</strong></span> <span class='ocrx_word' id='word_1_254' title='bbox 1420 2145 1672 2193; x_wconf 75' lang='lat' dir='ltr'><strong>conditionibus</strong></span> <span class='ocrx_word' id='word_1_255' title='bbox 1684 2171 1696 2201; x_wconf 84' lang='lat'><strong>,-</strong></span> <span class='ocrx_word' id='word_1_256' title='bbox 1708 2145 1795 2211; x_wconf 90' lang='lat' dir='ltr'><strong>ipse</strong></span> <span class='ocrx_word' id='word_1_257' title='bbox 1804 2147 1877 2194; x_wconf 83' lang='lat' dir='ltr'><strong>vix</strong></span> <span class='ocrx_word' id='word_1_258' title='bbox 1889 2146 1958 2192; x_wconf 87' lang='lat' dir='ltr'><strong>irae</strong></span> 
     </span>
     <span class='ocr_line' id='line_1_29' title="bbox 281 2212 1956 2283; baseline 0 -23"><span class='ocrx_word' id='word_1_259' title='bbox 281 2213 361 2260; x_wconf 85' lang='lat' dir='ltr'><strong>suae</strong></span> <span class='ocrx_word' id='word_1_260' title='bbox 380 2231 559 2279; x_wconf 87' lang='lat' dir='ltr'><strong>compos</strong></span> <span class='ocrx_word' id='word_1_261' title='bbox 579 2250 591 2273; x_wconf 92' lang='lat'><strong>,</strong></span> <span class='ocrx_word' id='word_1_262' title='bbox 625 2214 723 2260; x_wconf 78' lang='lat' dir='ltr'><strong>nulla</strong></span> <span class='ocrx_word' id='word_1_263' title='bbox 742 2212 816 2279; x_wconf 75' lang='lat' dir='ltr'><strong>filn‘</strong></span> <span class='ocrx_word' id='word_1_264' title='bbox 843 2214 916 2279; x_wconf 84' lang='lat' dir='ltr'><strong>ejus</strong></span> <span class='ocrx_word' id='word_1_265' title='bbox 945 2220 996 2262; x_wconf 80' lang='lat' dir='ltr'><strong>rei</strong></span> <span class='ocrx_word' id='word_1_266' title='bbox 1022 2215 1196 2262; x_wconf 70' lang='lat' dir='ltr'><strong>mandata</strong></span> <span class='ocrx_word' id='word_1_267' title='bbox 1230 2219 1273 2263; x_wconf 55' lang='grc' dir='ltr'><strong>ξεῖ</strong></span> <span class='ocrx_word' id='word_1_268' title='bbox 1295 2214 1561 2279; x_wconf 69' lang='lat' dir='ltr'><strong>expeHandmn</strong></span> <span class='ocrx_word' id='word_1_269' title='bbox 1585 2214 1777 2283; x_wconf 82' lang='lat' dir='ltr'><strong>Pekinga</strong></span> <span class='ocrx_word' id='word_1_270' title='bbox 1799 2216 1956 2279; x_wconf 80' lang='lat' dir='ltr'><strong>Magni</strong></span> 
     </span>
    </p>

    <p class='ocr_par' dir='ltr' id='par_1_19' title="bbox 97 2282 1957 2352">
     <span class='ocr_line' id='line_1_30' title="bbox 97 2282 1957 2352; baseline 0.001 -23"><span class='ocrx_word' id='word_1_271' title='bbox 97 2283 253 2315; x_wconf 62' lang='lat' dir='ltr'><strong>T02¹³V³·</strong></span> <span class='ocrx_word' id='word_1_272' title='bbox 282 2283 442 2331; x_wconf 88' lang='lat' dir='ltr'><strong>Chami</strong></span> <span class='ocrx_word' id='word_1_273' title='bbox 454 2285 680 2331; x_wconf 66' lang='lat' dir='ltr'><strong>voluntatem</strong></span> <span class='ocrx_word' id='word_1_274' title='bbox 698 2283 817 2330; x_wconf 80' lang='lat' dir='ltr'><strong>dicens</strong></span> <span class='ocrx_word' id='word_1_275' title='bbox 831 2321 846 2342; x_wconf 87' lang='lat'><em>‚</em></span> <span class='ocrx_word' id='word_1_276' title='bbox 869 2285 978 2352; x_wconf 78' lang='lat' dir='ltr'><strong>quasi</strong></span> <span class='ocrx_word' id='word_1_277' title='bbox 994 2284 1254 2332; x_wconf 54' lang='lat' dir='ltr'><strong>minitabundus</strong></span> <span class='ocrx_word' id='word_1_278' title='bbox 1272 2284 1438 2350; x_wconf 63' lang='lat' dir='ltr'><strong>dffcess&#39;it.</strong></span> <span class='ocrx_word' id='word_1_279' title='bbox 1487 2282 1639 2352; x_wconf 84' lang='lat' dir='ltr'><strong>Legati</strong></span> <span class='ocrx_word' id='word_1_280' title='bbox 1652 2287 1812 2333; x_wconf 86' lang='lat' dir='ltr'><strong>interea</strong></span> <span class='ocrx_word' id='word_1_281' title='bbox 1822 2283 1957 2331; x_wconf 90' lang='lat' dir='ltr'><strong>indies</strong></span> 
     </span>
    </p>
   </div>
   <div class='ocr_carea' id='block_1_7' title="bbox 97 2326 1956 2421">
    <p class='ocr_par' dir='ltr' id='par_1_20' title="bbox 97 2326 1956 2421">
     <span class='ocr_line' id='line_1_31' title="bbox 97 2326 1956 2421; baseline 0 -23"><span class='ocrx_word' id='word_1_282' title='bbox 97 2326 267 2409; x_wconf 50' lang='grc' dir='ltr'><strong>Ῑςῗξξῖηἶὲἶη-</strong></span> <span class='ocrx_word' id='word_1_283' title='bbox 285 2355 417 2418; x_wconf 83' lang='lat' dir='ltr'><strong>magis</strong></span> <span class='ocrx_word' id='word_1_284' title='bbox 428 2353 659 2421; x_wconf 80' lang='lat' dir='ltr'><strong>magisque,</strong></span> <span class='ocrx_word' id='word_1_285' title='bbox 669 2366 718 2400; x_wconf 93' lang='lat' dir='ltr'><strong>ut</strong></span> <span class='ocrx_word' id='word_1_286' title='bbox 728 2367 888 2401; x_wconf 87' lang='lat' dir='ltr'><strong>tantam</strong></span> <span class='ocrx_word' id='word_1_287' title='bbox 899 2356 1090 2420; x_wconf 74' lang='lat' dir='ltr'><strong>pecuniae</strong></span> <span class='ocrx_word' id='word_1_288' title='bbox 1103 2352 1308 2402; x_wconf 86' lang='lat' dir='ltr'><strong>summam</strong></span> <span class='ocrx_word' id='word_1_289' title='bbox 1319 2367 1526 2421; x_wconf 82' lang='lat' dir='ltr'><strong>erogarat,</strong></span> <span class='ocrx_word' id='word_1_290' title='bbox 1535 2353 1797 2421; x_wconf 82' lang='lat' dir='ltr'><strong>urgebantur</strong></span> <span class='ocrx_word' id='word_1_291' title='bbox 1805 2387 1819 2408; x_wconf 84' lang='lat'><strong>,</strong></span> <span class='ocrx_word' id='word_1_292' title='bbox 1839 2370 1956 2399; x_wconf 90' lang='lat' dir='ltr'><strong>cum-</strong></span> 
     </span>
    </p>
   </div>
   <div class='ocr_carea' id='block_1_8' title="bbox 98 2414 244 2440">
    <p class='ocr_par' dir='ltr' id='par_1_21' title="bbox 98 2414 244 2440">
     <span class='ocr_line' id='line_1_32' title="bbox 98 2414 244 2440; baseline 0.007 -1"><span class='ocrx_word' id='word_1_293' title='bbox 98 2418 165 2439; x_wconf 83' lang='lat' dir='ltr'><strong>teos</strong></span> <span class='ocrx_word' id='word_1_294' title='bbox 182 2414 244 2440; x_wconf 88' lang='lat' dir='ltr'><strong>Du-</strong></span> 
     </span>
    </p>
   </div>
   <div class='ocr_carea' id='block_1_9' title="bbox 97 2421 1961 3186">
    <p class='ocr_par' dir='ltr' id='par_1_22' title="bbox 97 2421 1956 2490">
     <span class='ocr_line' id='line_1_33' title="bbox 97 2421 1956 2490; baseline 0 -22"><span class='ocrx_word' id='word_1_295' title='bbox 97 2459 227 2482; x_wconf 37' lang='lat' dir='ltr'><strong>catones,</strong></span> <span class='ocrx_word' id='word_1_296' title='bbox 286 2439 371 2486; x_wconf 88' lang='lat' dir='ltr'><strong>que</strong></span> <span class='ocrx_word' id='word_1_297' title='bbox 384 2422 477 2469; x_wconf 80' lang='lat' dir='ltr'><strong>finis</strong></span> <span class='ocrx_word' id='word_1_298' title='bbox 497 2422 634 2470; x_wconf 89' lang='lat' dir='ltr'><strong>nullus</strong></span> <span class='ocrx_word' id='word_1_299' title='bbox 653 2421 936 2471; x_wconf 86' lang='lat' dir='ltr'><strong>molestiarum</strong></span> <span class='ocrx_word' id='word_1_300' title='bbox 960 2424 1060 2471; x_wconf 82' lang='lat' dir='ltr'><strong>effer</strong></span> <span class='ocrx_word' id='word_1_301' title='bbox 1073 2462 1086 2483; x_wconf 88' lang='lat'><strong>,</strong></span> <span class='ocrx_word' id='word_1_302' title='bbox 1108 2425 1359 2490; x_wconf 82' lang='lat' dir='ltr'><strong>Proregibus</strong></span> <span class='ocrx_word' id='word_1_303' title='bbox 1379 2436 1552 2472; x_wconf 88' lang='lat' dir='ltr'><strong>centum</strong></span> <span class='ocrx_word' id='word_1_304' title='bbox 1571 2424 1744 2489; x_wconf 83' lang='lat' dir='ltr'><strong>triginta</strong></span> <span class='ocrx_word' id='word_1_305' title='bbox 1765 2424 1956 2488; x_wconf 87' lang='lat' dir='ltr'><strong>quinque</strong></span> 
     </span>
    </p>

    <p class='ocr_par' dir='ltr' id='par_1_23' title="bbox 100 2490 1960 2700">
     <span class='ocr_line' id='line_1_34' title="bbox 130 2490 1960 2566; baseline 0 -29"><span class='ocrx_word' id='word_1_306' title='bbox 130 2537 195 2565; x_wconf 55' lang='lat' dir='ltr'><strong>Leo</strong></span> <span class='ocrx_word' id='word_1_307' title='bbox 215 2539 235 2566; x_wconf 53' lang='lat' dir='ltr'><strong>t,</strong></span> <span class='ocrx_word' id='word_1_308' title='bbox 285 2490 442 2539; x_wconf 85' lang='lat' dir='ltr'><strong>Toelas</strong></span> <span class='ocrx_word' id='word_1_309' title='bbox 452 2495 614 2558; x_wconf 82' lang='lat' dir='ltr'><strong>argenti</strong></span> <span class='ocrx_word' id='word_1_310' title='bbox 635 2491 940 2556; x_wconf 84' lang='lat' dir='ltr'><strong>promiserunt,</strong></span> <span class='ocrx_word' id='word_1_311' title='bbox 967 2492 1037 2540; x_wconf 91' lang='lat' dir='ltr'><strong>sed</strong></span> <span class='ocrx_word' id='word_1_312' title='bbox 1057 2510 1157 2540; x_wconf 89' lang='lat' dir='ltr'><strong>cum</strong></span> <span class='ocrx_word' id='word_1_313' title='bbox 1171 2491 1487 2558; x_wconf 87' lang='lat' dir='ltr'><strong>insuperfoenus</strong></span> <span class='ocrx_word' id='word_1_314' title='bbox 1497 2494 1635 2540; x_wconf 93' lang='lat' dir='ltr'><strong>mutui</strong></span> <span class='ocrx_word' id='word_1_315' title='bbox 1645 2492 1960 2559; x_wconf 83' lang='lat' dir='ltr'><strong>exposceretur,</strong></span> 
     </span>
     <span class='ocr_line' id='line_1_35' title="bbox 100 2547 1958 2627; baseline 0 -20"><span class='ocrx_word' id='word_1_316' title='bbox 100 2547 237 2608; x_wconf 43' lang='lat' dir='ltr'><strong>dinifii-¹</strong></span> <span class='ocrx_word' id='word_1_317' title='bbox 285 2560 446 2608; x_wconf 81' lang='lat' dir='ltr'><strong>abitum</strong></span> <span class='ocrx_word' id='word_1_318' title='bbox 459 2561 635 2609; x_wconf 73' lang='lat' dir='ltr'><strong>navibus</strong></span> <span class='ocrx_word' id='word_1_319' title='bbox 650 2560 1103 2627; x_wconf 88' lang='lat' dir='ltr'><strong>commeatu‚velisque</strong></span> <span class='ocrx_word' id='word_1_320' title='bbox 1115 2563 1317 2612; x_wconf 58' lang='lat' dir='ltr'><strong>instruitis</strong></span> <span class='ocrx_word' id='word_1_321' title='bbox 1328 2562 1627 2612; x_wconf 87' lang='lat' dir='ltr'><strong>moliebantur.</strong></span> <span class='ocrx_word' id='word_1_322' title='bbox 1644 2562 1727 2610; x_wconf 87' lang='lat' dir='ltr'><strong>Sed</strong></span> <span class='ocrx_word' id='word_1_323' title='bbox 1741 2564 1958 2626; x_wconf 85' lang='lat' dir='ltr'><strong>Proreges,</strong></span> 
     </span>
     <span class='ocr_line' id='line_1_36' title="bbox 100 2618 1956 2700; baseline 0.002 -26"><span class='ocrx_word' id='word_1_324' title='bbox 100 2618 226 2692; x_wconf 55' lang='lat' dir='ltr'><strong>fflfflf</strong></span> <span class='ocrx_word' id='word_1_325' title='bbox 283 2632 498 2677; x_wconf 53' lang='lat' dir='ltr'><strong>manendum</strong></span> <span class='ocrx_word' id='word_1_326' title='bbox 509 2666 522 2685; x_wconf 82' lang='lat'><em>‚</em></span> <span class='ocrx_word' id='word_1_327' title='bbox 543 2631 648 2678; x_wconf 81' lang='lat' dir='ltr'><strong>donec</strong></span> <span class='ocrx_word' id='word_1_328' title='bbox 664 2631 791 2678; x_wconf 77' lang='lat' dir='ltr'><strong>litterae</strong></span> <span class='ocrx_word' id='word_1_329' title='bbox 810 2631 1006 2700; x_wconf 82' lang='lat' dir='ltr'><strong>Pekinga</strong></span> <span class='ocrx_word' id='word_1_330' title='bbox 1017 2632 1247 2693; x_wconf 70' lang='lat' dir='ltr'><strong>advenirent,</strong></span> <span class='ocrx_word' id='word_1_331' title='bbox 1258 2635 1300 2680; x_wconf 60' lang='grc' dir='ltr'><strong>Εἴ</strong></span> <span class='ocrx_word' id='word_1_332' title='bbox 1310 2634 1352 2681; x_wconf 85' lang='lat' dir='ltr'><strong>de</strong></span> <span class='ocrx_word' id='word_1_333' title='bbox 1363 2634 1552 2682; x_wconf 69' lang='lat' dir='ltr'><strong>voluntate</strong></span> <span class='ocrx_word' id='word_1_334' title='bbox 1562 2633 1797 2695; x_wconf 82' lang='lat' dir='ltr'><strong>Imperatoris</strong></span> <span class='ocrx_word' id='word_1_335' title='bbox 1806 2637 1956 2678; x_wconf 72' lang='lat' dir='ltr'><strong>certiora</strong></span> 
     </span>
    </p>

    <p class='ocr_par' dir='ltr' id='par_1_24' title="bbox 289 2712 1137 2763">
     <span class='ocr_line' id='line_1_37' title="bbox 289 2712 1137 2763; baseline 0.008 -20"><span class='ocrx_word' id='word_1_336' title='bbox 289 2712 421 2763; x_wconf 56' lang='lat' dir='ltr'><strong>innotui</strong></span> <span class='ocrx_word' id='word_1_337' title='bbox 455 2716 537 2759; x_wconf 75' lang='lat' dir='ltr'><strong>ent,</strong></span> <span class='ocrx_word' id='word_1_338' title='bbox 559 2714 833 2748; x_wconf 85' lang='lat' dir='ltr'><strong>monuerunt.</strong></span> <span class='ocrx_word' id='word_1_339' title='bbox 1135 2742 1137 2745; x_wconf 93' lang='lat'>.</span> 
     </span>
    </p>

    <p class='ocr_par' dir='ltr' id='par_1_25' title="bbox 101 2769 1961 3113">
     <span class='ocr_line' id='line_1_38' title="bbox 136 2769 1959 2839; baseline 0.001 -26"><span class='ocrx_word' id='word_1_340' title='bbox 136 2786 242 2825; x_wconf 69' lang='lat' dir='ltr'><strong>Legati</strong></span> <span class='ocrx_word' id='word_1_341' title='bbox 362 2770 511 2834; x_wconf 81' lang='lat' dir='ltr'><strong>Legati</strong></span> <span class='ocrx_word' id='word_1_342' title='bbox 534 2770 807 2838; x_wconf 77' lang='lat' dir='ltr'><strong>Protegibus,</strong></span> <span class='ocrx_word' id='word_1_343' title='bbox 828 2771 951 2838; x_wconf 91' lang='lat' dir='ltr'><strong>quod</strong></span> <span class='ocrx_word' id='word_1_344' title='bbox 971 2771 1086 2820; x_wconf 88' lang='lat' dir='ltr'><strong>nulla</strong></span> <span class='ocrx_word' id='word_1_345' title='bbox 1106 2771 1287 2839; x_wconf 90' lang='lat' dir='ltr'><strong>amplior</strong></span> <span class='ocrx_word' id='word_1_346' title='bbox 1308 2791 1387 2839; x_wconf 93' lang='lat' dir='ltr'><strong>pro</strong></span> <span class='ocrx_word' id='word_1_347' title='bbox 1403 2773 1574 2822; x_wconf 86' lang='lat' dir='ltr'><strong>foenore</strong></span> <span class='ocrx_word' id='word_1_348' title='bbox 1594 2769 1788 2817; x_wconf 81' lang='lat' dir='ltr'><strong>instantia</strong></span> <span class='ocrx_word' id='word_1_349' title='bbox 1811 2769 1959 2827; x_wconf 88' lang='lat' dir='ltr'><strong>fieret,</strong></span> 
     </span>
     <span class='ocr_line' id='line_1_39' title="bbox 101 2834 1958 2908; baseline 0.001 -24"><span class='ocrx_word' id='word_1_350' title='bbox 101 2834 266 2907; x_wconf 52' lang='grc' dir='ltr'><strong>ζῗξοῖἓὲ,</strong></span> <span class='ocrx_word' id='word_1_351' title='bbox 293 2838 587 2902; x_wconf 80' lang='lat' dir='ltr'><strong>Syngrapham</strong></span> <span class='ocrx_word' id='word_1_352' title='bbox 608 2843 785 2888; x_wconf 87' lang='lat' dir='ltr'><strong>nomine</strong></span> <span class='ocrx_word' id='word_1_353' title='bbox 805 2855 978 2889; x_wconf 89' lang='lat' dir='ltr'><strong>centum</strong></span> <span class='ocrx_word' id='word_1_354' title='bbox 996 2844 1166 2908; x_wconf 80' lang='lat' dir='ltr'><strong>triginta</strong></span> <span class='ocrx_word' id='word_1_355' title='bbox 1187 2844 1380 2908; x_wconf 90' lang='lat' dir='ltr'><strong>quinque</strong></span> <span class='ocrx_word' id='word_1_356' title='bbox 1398 2838 1634 2888; x_wconf 86' lang='lat' dir='ltr'><strong>Toelarum</strong></span> <span class='ocrx_word' id='word_1_357' title='bbox 1654 2840 1818 2906; x_wconf 80' lang='lat' dir='ltr'><strong>argenti</strong></span> <span class='ocrx_word' id='word_1_358' title='bbox 1839 2839 1958 2886; x_wconf 83' lang='lat' dir='ltr'><strong>exhi—</strong></span> 
     </span>
     <span class='ocr_line' id='line_1_40' title="bbox 103 2902 1959 2982; baseline 0.003 -34"><span class='ocrx_word' id='word_1_359' title='bbox 103 2908 254 2982; x_wconf 48' lang='lat' dir='ltr'><strong>bffseagorg-</strong></span> <span class='ocrx_word' id='word_1_360' title='bbox 292 2902 502 2963; x_wconf 76' lang='lat' dir='ltr'><strong>buerunt3</strong></span> <span class='ocrx_word' id='word_1_361' title='bbox 527 2922 613 2955; x_wconf 88' lang='lat' dir='ltr'><strong>tam</strong></span> <span class='ocrx_word' id='word_1_362' title='bbox 635 2924 807 2975; x_wconf 84' lang='lat' dir='ltr'><strong>accepta</strong></span> <span class='ocrx_word' id='word_1_363' title='bbox 818 2911 1128 2971; x_wconf 85' lang='lat' dir='ltr'><strong>munificentia,</strong></span> <span class='ocrx_word' id='word_1_364' title='bbox 1146 2927 1194 2959; x_wconf 92' lang='lat' dir='ltr'><strong>ut</strong></span> <span class='ocrx_word' id='word_1_365' title='bbox 1211 2912 1376 2959; x_wconf 67' lang='lat' dir='ltr'><strong>decima</strong></span> <span class='ocrx_word' id='word_1_366' title='bbox 1389 2911 1537 2976; x_wconf 88' lang='lat' dir='ltr'><strong>quinta</strong></span> <span class='ocrx_word' id='word_1_367' title='bbox 1547 2908 1750 2957; x_wconf 72' lang='lat' dir='ltr'><strong>O&amp;obris</strong></span> <span class='ocrx_word' id='word_1_368' title='bbox 1761 2907 1959 2974; x_wconf 79' lang='lat' dir='ltr'><strong>magnifi-</strong></span> 
     </span>
     <span class='ocr_line' id='line_1_41' title="bbox 103 2961 1959 3047; baseline 0.003 -30"><span class='ocrx_word' id='word_1_369' title='bbox 103 2961 216 3023; x_wconf 54' lang='lat' dir='ltr'><strong>{imm</strong></span> <span class='ocrx_word' id='word_1_370' title='bbox 228 2971 273 3041; x_wconf 32' lang='lat'><strong>,¹⁸5-</strong></span> <span class='ocrx_word' id='word_1_371' title='bbox 292 2973 528 3021; x_wconf 86' lang='lat' dir='ltr'><strong>centiffimo</strong></span> <span class='ocrx_word' id='word_1_372' title='bbox 546 2976 600 3023; x_wconf 88' lang='lat' dir='ltr'><strong>ab</strong></span> <span class='ocrx_word' id='word_1_373' title='bbox 621 2979 668 3024; x_wconf 91' lang='lat' dir='ltr'><strong>iis</strong></span> <span class='ocrx_word' id='word_1_374' title='bbox 688 2982 890 3028; x_wconf 91' lang='lat' dir='ltr'><strong>convivio</strong></span> <span class='ocrx_word' id='word_1_375' title='bbox 909 2983 1218 3047; x_wconf 85' lang='lat' dir='ltr'><strong>exciperentur.</strong></span> <span class='ocrx_word' id='word_1_376' title='bbox 1254 2985 1303 3027; x_wconf 89' lang='lat' dir='ltr'><strong>ln</strong></span> <span class='ocrx_word' id='word_1_377' title='bbox 1320 2993 1494 3046; x_wconf 88' lang='lat' dir='ltr'><strong>patente</strong></span> <span class='ocrx_word' id='word_1_378' title='bbox 1505 2993 1623 3027; x_wconf 83' lang='lat' dir='ltr'><strong>extra</strong></span> <span class='ocrx_word' id='word_1_379' title='bbox 1634 2977 1785 3026; x_wconf 88' lang='lat' dir='ltr'><strong>urbem</strong></span> <span class='ocrx_word' id='word_1_380' title='bbox 1803 2994 1959 3042; x_wconf 90' lang='lat' dir='ltr'><strong>campo</strong></span> 
     </span>
     <span class='ocr_line' id='line_1_42' title="bbox 105 3033 1961 3113; baseline 0.003 -25"><span class='ocrx_word' id='word_1_381' title='bbox 105 3033 256 3066; x_wconf 48' lang='grc' dir='ltr'>Οᾶοὓῃὸ·</span> <span class='ocrx_word' id='word_1_382' title='bbox 292 3042 442 3089; x_wconf 88' lang='lat' dir='ltr'><strong>decem</strong></span> <span class='ocrx_word' id='word_1_383' title='bbox 452 3047 635 3092; x_wconf 86' lang='lat' dir='ltr'><strong>tentoria</strong></span> <span class='ocrx_word' id='word_1_384' title='bbox 647 3047 942 3111; x_wconf 82' lang='lat' dir='ltr'><strong>pretiosiffimae</strong></span> <span class='ocrx_word' id='word_1_385' title='bbox 952 3064 1129 3099; x_wconf 82' lang='lat' dir='ltr'><strong>texturae</strong></span> <span class='ocrx_word' id='word_1_386' title='bbox 1146 3050 1356 3110; x_wconf 69' lang='lat' dir='ltr'><strong>ere&amp;a,ut</strong></span> <span class='ocrx_word' id='word_1_387' title='bbox 1366 3051 1410 3096; x_wconf 89' lang='lat' dir='ltr'><strong>in</strong></span> <span class='ocrx_word' id='word_1_388' title='bbox 1429 3051 1569 3103; x_wconf 88' lang='lat' dir='ltr'><strong>icone,</strong></span> <span class='ocrx_word' id='word_1_389' title='bbox 1578 3045 1961 3113; x_wconf 89' lang='lat' dir='ltr'><strong>conspiciebantur.</strong></span> 
     </span>
    </p>

    <p class='ocr_par' dir='ltr' id='par_1_26' title="bbox 295 3111 1961 3186">
     <span class='ocr_line' id='line_1_43' title="bbox 295 3111 1961 3186; baseline 0.001 -28"><span class='ocrx_word' id='word_1_390' title='bbox 295 3111 478 3172; x_wconf 56' lang='lat' dir='ltr'><strong>Cunda,</strong></span> <span class='ocrx_word' id='word_1_391' title='bbox 488 3128 537 3161; x_wconf 91' lang='lat' dir='ltr'><strong>ut</strong></span> <span class='ocrx_word' id='word_1_392' title='bbox 550 3115 736 3165; x_wconf 82' lang='lat' dir='ltr'><strong>Tartaris</strong></span> <span class='ocrx_word' id='word_1_393' title='bbox 746 3134 850 3177; x_wconf 87' lang='lat' dir='ltr'><strong>mos,</strong></span> <span class='ocrx_word' id='word_1_394' title='bbox 862 3121 982 3167; x_wconf 91' lang='lat' dir='ltr'><strong>omni</strong></span> <span class='ocrx_word' id='word_1_395' title='bbox 992 3118 1122 3169; x_wconf 86' lang='lat' dir='ltr'><strong>latere</strong></span> <span class='ocrx_word' id='word_1_396' title='bbox 1134 3135 1278 3186; x_wconf 86' lang='lat' dir='ltr'><strong>aperta</strong></span> <span class='ocrx_word' id='word_1_397' title='bbox 1291 3121 1337 3167; x_wconf 89' lang='lat'>&amp;</span> <span class='ocrx_word' id='word_1_398' title='bbox 1349 3117 1482 3166; x_wconf 92' lang='lat' dir='ltr'><strong>oculis</strong></span> <span class='ocrx_word' id='word_1_399' title='bbox 1492 3120 1663 3184; x_wconf 75' lang='lat' dir='ltr'><strong>aerique</strong></span> <span class='ocrx_word' id='word_1_400' title='bbox 1673 3118 1829 3183; x_wconf 87' lang='lat' dir='ltr'><strong>pervia.</strong></span> <span class='ocrx_word' id='word_1_401' title='bbox 1863 3116 1961 3161; x_wconf 90' lang='lat' dir='ltr'><strong>Me-</strong></span> 
     </span>
    </p>
   </div>
   <div class='ocr_carea' id='block_1_10' title="bbox 1822 3183 1958 3244">
    <p class='ocr_par' dir='ltr' id='par_1_27' title="bbox 1822 3183 1958 3244">
     <span class='ocr_line' id='line_1_44' title="bbox 1822 3183 1958 3244; baseline 0 -14"><span class='ocrx_word' id='word_1_402' title='bbox 1822 3183 1958 3244; x_wconf 81' lang='lat' dir='ltr'><strong>dium,</strong></span> 
     </span>
    </p>
   </div>
   <div class='ocr_carea' id='block_1_11' title="bbox 2067 0 2150 3370">
    <p class='ocr_par' dir='ltr' id='par_1_28' title="bbox 2067 0 2150 3370">
     <span class='ocr_line' id='line_1_45' title="bbox 2067 0 2150 3370; baseline 0 0"><span class='ocrx_word' id='word_1_403' title='bbox 2067 0 2150 3370; x_wconf 95' lang='lat' dir='ltr'><strong> </strong></span> 
     </span>
    </p>
   </div>
  </div>
 </body>
</html>
