<?xml version="1.0" encoding="UTF-8"?>
<!DOCTYPE html PUBLIC "-//W3C//DTD XHTML 1.0 Transitional//EN"
    "http://www.w3.org/TR/xhtml1/DTD/xhtml1-transitional.dtd">
<html xmlns="http://www.w3.org/1999/xhtml" xml:lang="en" lang="en">
 <head>
  <title>
</title>
<meta http-equiv="Content-Type" content="text/html;charset=utf-8" />
  <meta name='ocr-system' content='tesseract 3.04.00' />
  <meta name='ocr-capabilities' content='ocr_page ocr_carea ocr_par ocr_line ocrx_word'/>
</head>
<body>
  <div class='ocr_page' id='page_1' title='image "./legatiobatavicaa00nieu_0327.png"; bbox 0 0 2114 3412; ppageno 0'>
   <div class='ocr_carea' id='block_1_1' title="bbox 153 159 1734 332">
    <p class='ocr_par' dir='ltr' id='par_1_1' title="bbox 153 159 1734 332">
     <span class='ocr_line' id='line_1_1' title="bbox 321 159 1727 247; baseline 0.001 -24"><span class='ocrx_word' id='word_1_1' title='bbox 321 163 388 223; x_wconf 81' lang='lat' dir='ltr'><strong>ad</strong></span> <span class='ocrx_word' id='word_1_2' title='bbox 398 163 714 247; x_wconf 61' lang='lat' dir='ltr'><strong>Magnum</strong></span> <span class='ocrx_word' id='word_1_3' title='bbox 729 159 988 223; x_wconf 69' lang='lat' dir='ltr'><strong>Tartariae</strong></span> <span class='ocrx_word' id='word_1_4' title='bbox 1006 165 1232 247; x_wconf 74' lang='lat' dir='ltr'><strong>Sinaeque</strong></span> <span class='ocrx_word' id='word_1_5' title='bbox 1248 164 1290 224; x_wconf 86' lang='lat' dir='ltr'><em>C</em></span> <span class='ocrx_word' id='word_1_6' title='bbox 1287 160 1496 225; x_wconf 75' lang='lat' dir='ltr'><strong>hamum.</strong></span> <span class='ocrx_word' id='word_1_7' title='bbox 1663 178 1693 225; x_wconf 91' lang='lat'>6</span> <span class='ocrx_word' id='word_1_8' title='bbox 1706 186 1727 224; x_wconf 77' lang='lat' dir='ltr'><strong>r</strong></span> 
     </span>
     <span class='ocr_line' id='line_1_2' title="bbox 153 257 1734 332; baseline 0.001 -20"><span class='ocrx_word' id='word_1_9' title='bbox 153 265 288 332; x_wconf 87' lang='lat' dir='ltr'>Apud</span> <span class='ocrx_word' id='word_1_10' title='bbox 309 265 559 329; x_wconf 76' lang='lat' dir='ltr'><strong>Kienchang,</strong></span> <span class='ocrx_word' id='word_1_11' title='bbox 571 262 686 310; x_wconf 89' lang='lat' dir='ltr'><strong>haud</strong></span> <span class='ocrx_word' id='word_1_12' title='bbox 706 262 856 328; x_wconf 89' lang='lat' dir='ltr'><strong>procul</strong></span> <span class='ocrx_word' id='word_1_13' title='bbox 878 264 1125 332; x_wconf 77' lang='lat' dir='ltr'><strong>Qanchang,</strong></span> <span class='ocrx_word' id='word_1_14' title='bbox 1135 280 1257 310; x_wconf 90' lang='lat' dir='ltr'><strong>mons</strong></span> <span class='ocrx_word' id='word_1_15' title='bbox 1281 257 1475 331; x_wconf 57' lang='lat' dir='ltr'><strong>Chmggl&#39;aoa</strong></span> <span class='ocrx_word' id='word_1_16' title='bbox 1497 261 1634 323; x_wconf 81' lang='lat' dir='ltr'><strong>est‚i&#39;n</strong></span> <span class='ocrx_word' id='word_1_17' title='bbox 1643 282 1734 331; x_wconf 89' lang='lat' dir='ltr'><strong>quo</strong></span> 
     </span>
    </p>
   </div>
   <div class='ocr_carea' id='block_1_2' title="bbox 83 331 1738 3098">
    <p class='ocr_par' dir='ltr' id='par_1_2' title="bbox 87 331 733 402">
     <span class='ocr_line' id='line_1_3' title="bbox 87 331 733 402; baseline -0.006 -18"><span class='ocrx_word' id='word_1_18' title='bbox 87 335 362 402; x_wconf 82' lang='lat' dir='ltr'><strong>magnificum</strong></span> <span class='ocrx_word' id='word_1_19' title='bbox 381 331 591 397; x_wconf 89' lang='lat' dir='ltr'><strong>templum</strong></span> <span class='ocrx_word' id='word_1_20' title='bbox 611 331 733 393; x_wconf 78' lang='lat' dir='ltr'><strong>jacet.</strong></span> 
     </span>
    </p>

    <p class='ocr_par' dir='ltr' id='par_1_3' title="bbox 88 401 1732 609">
     <span class='ocr_line' id='line_1_4' title="bbox 154 401 1732 470; baseline -0.002 -16"><span class='ocrx_word' id='word_1_21' title='bbox 154 407 289 470; x_wconf 78' lang='lat' dir='ltr'><strong>Apud</strong></span> <span class='ocrx_word' id='word_1_22' title='bbox 300 403 449 451; x_wconf 86' lang='lat' dir='ltr'><strong>urbem</strong></span> <span class='ocrx_word' id='word_1_23' title='bbox 465 402 631 468; x_wconf 77' lang='lat' dir='ltr'><strong>Chinting</strong></span> <span class='ocrx_word' id='word_1_24' title='bbox 645 441 657 462; x_wconf 83' lang='lat'><em>‚</em></span> <span class='ocrx_word' id='word_1_25' title='bbox 685 403 727 448; x_wconf 91' lang='lat' dir='ltr'><strong>in</strong></span> <span class='ocrx_word' id='word_1_26' title='bbox 743 402 937 449; x_wconf 85' lang='lat' dir='ltr'><strong>altiffimo</strong></span> <span class='ocrx_word' id='word_1_27' title='bbox 957 415 1105 449; x_wconf 85' lang='lat' dir='ltr'><strong>monte</strong></span> <span class='ocrx_word' id='word_1_28' title='bbox 1119 404 1302 467; x_wconf 80' lang='lat' dir='ltr'><strong>Canguien</strong></span> <span class='ocrx_word' id='word_1_29' title='bbox 1313 438 1325 461; x_wconf 82' lang='lat'>‚</span> <span class='ocrx_word' id='word_1_30' title='bbox 1341 401 1437 450; x_wconf 91' lang='lat' dir='ltr'><strong>fons</strong></span> <span class='ocrx_word' id='word_1_31' title='bbox 1455 403 1641 451; x_wconf 72' lang='lat' dir='ltr'><strong>medicus</strong></span> <span class='ocrx_word' id='word_1_32' title='bbox 1652 403 1732 465; x_wconf 80' lang='lat' dir='ltr'><strong>est,</strong></span> 
     </span>
     <span class='ocr_line' id='line_1_5' title="bbox 88 469 1732 542; baseline 0.001 -22"><span class='ocrx_word' id='word_1_33' title='bbox 88 491 227 542; x_wconf 86' lang='lat' dir='ltr'><strong>prope</strong></span> <span class='ocrx_word' id='word_1_34' title='bbox 250 490 380 539; x_wconf 86' lang='lat' dir='ltr'><strong>quem</strong></span> <span class='ocrx_word' id='word_1_35' title='bbox 394 473 559 537; x_wconf 81' lang='lat' dir='ltr'><strong>Regina</strong></span> <span class='ocrx_word' id='word_1_36' title='bbox 567 475 756 538; x_wconf 59' lang='lat' dir='ltr'><strong>chnmga</strong></span> <span class='ocrx_word' id='word_1_37' title='bbox 774 469 1043 518; x_wconf 88' lang='lat' dir='ltr'><strong>Coenobium</strong></span> <span class='ocrx_word' id='word_1_38' title='bbox 1058 470 1327 536; x_wconf 86' lang='lat' dir='ltr'><strong>splendidum</strong></span> <span class='ocrx_word' id='word_1_39' title='bbox 1342 505 1355 528; x_wconf 81' lang='lat'><strong>,</strong></span> <span class='ocrx_word' id='word_1_40' title='bbox 1386 476 1602 520; x_wconf 67' lang='lat' dir='ltr'><strong>memoriae</strong></span> <span class='ocrx_word' id='word_1_41' title='bbox 1612 491 1732 542; x_wconf 82' lang='lat' dir='ltr'><strong>ergo,</strong></span> 
     </span>
     <span class='ocr_line' id='line_1_6' title="bbox 88 539 1396 609; baseline -0.001 -20"><span class='ocrx_word' id='word_1_42' title='bbox 88 542 209 609; x_wconf 85' lang='lat' dir='ltr'><strong>quod</strong></span> <span class='ocrx_word' id='word_1_43' title='bbox 229 542 446 590; x_wconf 88' lang='lat' dir='ltr'><strong>sanitatem</strong></span> <span class='ocrx_word' id='word_1_44' title='bbox 455 540 492 601; x_wconf 84' lang='lat' dir='ltr'><strong>ej</strong></span> <span class='ocrx_word' id='word_1_45' title='bbox 500 559 544 587; x_wconf 88' lang='lat' dir='ltr'><strong>us</strong></span> <span class='ocrx_word' id='word_1_46' title='bbox 555 558 674 605; x_wconf 79' lang='lat' dir='ltr'><strong>aquae</strong></span> <span class='ocrx_word' id='word_1_47' title='bbox 687 541 851 589; x_wconf 88' lang='lat' dir='ltr'><strong>lotione</strong></span> <span class='ocrx_word' id='word_1_48' title='bbox 869 541 1146 606; x_wconf 73' lang='lat' dir='ltr'><strong>recuperasset</strong></span> <span class='ocrx_word' id='word_1_49' title='bbox 1155 576 1167 598; x_wconf 90' lang='lat'><strong>,</strong></span> <span class='ocrx_word' id='word_1_50' title='bbox 1181 539 1396 588; x_wconf 64' lang='lat' dir='ltr'><strong>struemm.</strong></span> 
     </span>
    </p>

    <p class='ocr_par' dir='ltr' id='par_1_4' title="bbox 87 609 1732 954">
     <span class='ocr_line' id='line_1_7' title="bbox 155 609 1730 677; baseline -0.001 -18"><span class='ocrx_word' id='word_1_51' title='bbox 155 612 288 675; x_wconf 80' lang='lat' dir='ltr'><strong>Apud</strong></span> <span class='ocrx_word' id='word_1_52' title='bbox 321 609 512 677; x_wconf 68' lang='lat' dir='ltr'><strong>Chaoking</strong></span> <span class='ocrx_word' id='word_1_53' title='bbox 544 609 634 656; x_wconf 91' lang='lat' dir='ltr'><strong>duo</strong></span> <span class='ocrx_word' id='word_1_54' title='bbox 657 610 800 657; x_wconf 87' lang='lat' dir='ltr'><strong>sacella</strong></span> <span class='ocrx_word' id='word_1_55' title='bbox 833 609 940 660; x_wconf 82' lang='lat' dir='ltr'><strong>sunt,</strong></span> <span class='ocrx_word' id='word_1_56' title='bbox 994 613 1039 657; x_wconf 89' lang='lat' dir='ltr'><strong>In</strong></span> <span class='ocrx_word' id='word_1_57' title='bbox 1063 610 1247 675; x_wconf 80' lang='lat' dir='ltr'><strong>regionis</strong></span> <span class='ocrx_word' id='word_1_58' title='bbox 1272 615 1421 657; x_wconf 78' lang='lat' dir='ltr'><strong>Iumzan</strong></span> <span class='ocrx_word' id='word_1_59' title='bbox 1438 623 1587 656; x_wconf 88' lang='lat' dir='ltr'><strong>monte</strong></span> <span class='ocrx_word' id='word_1_60' title='bbox 1610 615 1730 671; x_wconf 84' lang='lat' dir='ltr'><strong>Xico,</strong></span> 
     </span>
     <span class='ocr_line' id='line_1_8' title="bbox 90 679 1728 747; baseline -0.001 -19"><span class='ocrx_word' id='word_1_61' title='bbox 90 699 226 747; x_wconf 86' lang='lat' dir='ltr'><strong>prope</strong></span> <span class='ocrx_word' id='word_1_62' title='bbox 242 682 391 729; x_wconf 80' lang='lat' dir='ltr'><strong>urbem</strong></span> <span class='ocrx_word' id='word_1_63' title='bbox 412 680 639 745; x_wconf 75' lang='lat' dir='ltr'><strong>Tengchuen</strong></span> <span class='ocrx_word' id='word_1_64' title='bbox 652 719 665 739; x_wconf 87' lang='lat'><strong>,</strong></span> <span class='ocrx_word' id='word_1_65' title='bbox 690 682 836 744; x_wconf 87' lang='lat' dir='ltr'><strong>ingens</strong></span> <span class='ocrx_word' id='word_1_66' title='bbox 847 679 1108 744; x_wconf 88' lang='lat' dir='ltr'><strong>templorum</strong></span> <span class='ocrx_word' id='word_1_67' title='bbox 1126 681 1172 728; x_wconf 78' lang='lat'><strong>8&lt;</strong></span> <span class='ocrx_word' id='word_1_68' title='bbox 1191 679 1494 725; x_wconf 76' lang='lat' dir='ltr'><strong>coenobiorum</strong></span> <span class='ocrx_word' id='word_1_69' title='bbox 1518 697 1728 728; x_wconf 85' lang='lat' dir='ltr'><strong>numerus.</strong></span> 
     </span>
     <span class='ocr_line' id='line_1_9' title="bbox 90 747 1732 816; baseline -0.001 -18"><span class='ocrx_word' id='word_1_70' title='bbox 90 754 159 798; x_wconf 80' lang='lat' dir='ltr'><strong>Ex</strong></span> <span class='ocrx_word' id='word_1_71' title='bbox 174 749 373 798; x_wconf 89' lang='lat' dir='ltr'><strong>hocloco</strong></span> <span class='ocrx_word' id='word_1_72' title='bbox 394 751 581 816; x_wconf 85' lang='lat' dir='ltr'><strong>primum</strong></span> <span class='ocrx_word' id='word_1_73' title='bbox 596 751 780 796; x_wconf 85' lang='lat' dir='ltr'><strong>manavit</strong></span> <span class='ocrx_word' id='word_1_74' title='bbox 798 748 989 796; x_wconf 70' lang='lat' dir='ltr'><strong>do&amp;rina</strong></span> <span class='ocrx_word' id='word_1_75' title='bbox 1006 748 1118 796; x_wconf 93' lang='lat' dir='ltr'><strong>Idoli</strong></span> <span class='ocrx_word' id='word_1_76' title='bbox 1136 751 1216 806; x_wconf 82' lang='lat' dir='ltr'><strong>Fe,</strong></span> <span class='ocrx_word' id='word_1_77' title='bbox 1249 766 1377 813; x_wconf 91' lang='lat' dir='ltr'><strong>quam</strong></span> <span class='ocrx_word' id='word_1_78' title='bbox 1401 747 1559 796; x_wconf 85' lang='lat' dir='ltr'><strong>familia</strong></span> <span class='ocrx_word' id='word_1_79' title='bbox 1577 754 1732 807; x_wconf 66' lang='lat' dir='ltr'><strong>Ham,</strong></span> 
     </span>
     <span class='ocr_line' id='line_1_10' title="bbox 89 817 1731 885; baseline 0 -19"><span class='ocrx_word' id='word_1_80' title='bbox 89 819 187 885; x_wconf 86' lang='lat' dir='ltr'><strong>post</strong></span> <span class='ocrx_word' id='word_1_81' title='bbox 201 818 409 867; x_wconf 81' lang='lat' dir='ltr'>domitam</span> <span class='ocrx_word' id='word_1_82' title='bbox 428 819 708 877; x_wconf 86' lang='lat' dir='ltr'><strong>Provinciam,</strong></span> <span class='ocrx_word' id='word_1_83' title='bbox 721 819 903 883; x_wconf 87' lang='lat' dir='ltr'><strong>recepit:</strong></span> <span class='ocrx_word' id='word_1_84' title='bbox 922 835 1019 865; x_wconf 90' lang='lat' dir='ltr'><strong>nam</strong></span> <span class='ocrx_word' id='word_1_85' title='bbox 1028 832 1124 866; x_wconf 87' lang='lat' dir='ltr'><strong>ante</strong></span> <span class='ocrx_word' id='word_1_86' title='bbox 1140 817 1210 865; x_wconf 88' lang='lat' dir='ltr'><strong>illa</strong></span> <span class='ocrx_word' id='word_1_87' title='bbox 1225 830 1420 883; x_wconf 86' lang='lat' dir='ltr'><strong>tempora</strong></span> <span class='ocrx_word' id='word_1_88' title='bbox 1435 818 1622 865; x_wconf 88' lang='lat' dir='ltr'><strong>Sinenses</strong></span> <span class='ocrx_word' id='word_1_89' title='bbox 1641 835 1731 866; x_wconf 90' lang='lat' dir='ltr'><strong>non</strong></span> 
     </span>
     <span class='ocr_line' id='line_1_11' title="bbox 87 885 1628 954; baseline 0.001 -19"><span class='ocrx_word' id='word_1_90' title='bbox 87 887 217 935; x_wconf 90' lang='lat' dir='ltr'><strong>alium</strong></span> <span class='ocrx_word' id='word_1_91' title='bbox 227 890 389 949; x_wconf 78' lang='lat' dir='ltr'><strong>Deum,</strong></span> <span class='ocrx_word' id='word_1_92' title='bbox 403 906 529 954; x_wconf 89' lang='lat' dir='ltr'><strong>quam</strong></span> <span class='ocrx_word' id='word_1_93' title='bbox 539 891 704 953; x_wconf 80' lang='lat' dir='ltr'><strong>Xangti,</strong></span> <span class='ocrx_word' id='word_1_94' title='bbox 721 887 763 933; x_wconf 92' lang='lat' dir='ltr'><strong>id</strong></span> <span class='ocrx_word' id='word_1_95' title='bbox 778 887 838 935; x_wconf 88' lang='lat' dir='ltr'><strong>est</strong></span> <span class='ocrx_word' id='word_1_96' title='bbox 849 887 1089 953; x_wconf 85' lang='lat' dir='ltr'><strong>supremum</strong></span> <span class='ocrx_word' id='word_1_97' title='bbox 1100 890 1405 952; x_wconf 79' lang='lat' dir='ltr'><strong>Imperatorem</strong></span> <span class='ocrx_word' id='word_1_98' title='bbox 1418 885 1628 937; x_wconf 86' lang='lat' dir='ltr'><strong>colebant.</strong></span> 
     </span>
    </p>

    <p class='ocr_par' dir='ltr' id='par_1_5' title="bbox 83 954 1733 1506">
     <span class='ocr_line' id='line_1_12' title="bbox 157 954 1729 1025; baseline -0.001 -21"><span class='ocrx_word' id='word_1_99' title='bbox 157 961 203 1004; x_wconf 90' lang='lat' dir='ltr'><strong>ln</strong></span> <span class='ocrx_word' id='word_1_100' title='bbox 221 954 262 1020; x_wconf 70' lang='grc' dir='ltr'><em>ζ</em></span> <span class='ocrx_word' id='word_1_101' title='bbox 259 959 414 1025; x_wconf 66' lang='lat' dir='ltr'><strong>heking</strong></span> <span class='ocrx_word' id='word_1_102' title='bbox 423 957 537 1022; x_wconf 90' lang='lat' dir='ltr'><strong>apud</strong></span> <span class='ocrx_word' id='word_1_103' title='bbox 553 956 702 1003; x_wconf 84' lang='lat' dir='ltr'><strong>urbem</strong></span> <span class='ocrx_word' id='word_1_104' title='bbox 717 961 779 1006; x_wconf 93' lang='lat' dir='ltr'><em>H</em></span> <span class='ocrx_word' id='word_1_105' title='bbox 777 958 936 1022; x_wconf 74' lang='lat' dir='ltr'><strong>angcheu</strong></span> <span class='ocrx_word' id='word_1_106' title='bbox 951 994 963 1016; x_wconf 80' lang='lat'><strong>,</strong></span> <span class='ocrx_word' id='word_1_107' title='bbox 996 975 1118 1005; x_wconf 88' lang='lat' dir='ltr'><strong>mons</strong></span> <span class='ocrx_word' id='word_1_108' title='bbox 1142 957 1308 1005; x_wconf 77' lang='lat' dir='ltr'><strong>Tiencho</strong></span> <span class='ocrx_word' id='word_1_109' title='bbox 1320 957 1365 1002; x_wconf 73' lang='lat'><strong>8&lt;</strong></span> <span class='ocrx_word' id='word_1_110' title='bbox 1388 957 1429 1002; x_wconf 91' lang='lat' dir='ltr'><strong>in</strong></span> <span class='ocrx_word' id='word_1_111' title='bbox 1440 973 1495 1002; x_wconf 88' lang='lat' dir='ltr'><strong>eo</strong></span> <span class='ocrx_word' id='word_1_112' title='bbox 1510 974 1635 1021; x_wconf 87' lang='lat' dir='ltr'><strong>rupes</strong></span> <span class='ocrx_word' id='word_1_113' title='bbox 1654 972 1729 1004; x_wconf 82' lang='lat' dir='ltr'><strong>ex-</strong></span> 
     </span>
     <span class='ocr_line' id='line_1_13' title="bbox 90 1025 1730 1093; baseline -0.001 -20"><span class='ocrx_word' id='word_1_114' title='bbox 90 1040 232 1073; x_wconf 84' lang='lat' dir='ltr'><strong>cavata</strong></span> <span class='ocrx_word' id='word_1_115' title='bbox 246 1029 428 1093; x_wconf 68' lang='lat' dir='ltr'><strong>Filaffimg</strong></span> <span class='ocrx_word' id='word_1_116' title='bbox 438 1026 548 1085; x_wconf 80' lang='lat' dir='ltr'><strong>jacet</strong></span> <span class='ocrx_word' id='word_1_117' title='bbox 566 1064 578 1085; x_wconf 86' lang='lat'><strong>,</strong></span> <span class='ocrx_word' id='word_1_118' title='bbox 610 1026 652 1071; x_wconf 90' lang='lat' dir='ltr'><strong>in</strong></span> <span class='ocrx_word' id='word_1_119' title='bbox 668 1044 751 1090; x_wconf 84' lang='lat' dir='ltr'><strong>qua</strong></span> <span class='ocrx_word' id='word_1_120' title='bbox 762 1026 920 1090; x_wconf 87' lang='lat' dir='ltr'><strong>templa</strong></span> <span class='ocrx_word' id='word_1_121' title='bbox 939 1028 985 1072; x_wconf 84' lang='lat'>&amp;</span> <span class='ocrx_word' id='word_1_122' title='bbox 1006 1025 1206 1074; x_wconf 83' lang='lat' dir='ltr'><strong>coenobia</strong></span> <span class='ocrx_word' id='word_1_123' title='bbox 1223 1026 1380 1072; x_wconf 83' lang='lat' dir='ltr'><strong>eximia</strong></span> <span class='ocrx_word' id='word_1_124' title='bbox 1397 1028 1665 1090; x_wconf 88' lang='lat' dir='ltr'><strong>reperiuntur</strong></span> <span class='ocrx_word' id='word_1_125' title='bbox 1683 1027 1730 1072; x_wconf 61' lang='grc' dir='ltr'><strong>δέ</strong></span> 
     </span>
     <span class='ocr_line' id='line_1_14' title="bbox 83 1093 1732 1160; baseline -0.002 -15"><span class='ocrx_word' id='word_1_126' title='bbox 83 1095 266 1160; x_wconf 78' lang='lat' dir='ltr'><strong>amplius</strong></span> <span class='ocrx_word' id='word_1_127' title='bbox 282 1099 358 1143; x_wconf 87' lang='lat' dir='ltr'><strong>tria</strong></span> <span class='ocrx_word' id='word_1_128' title='bbox 372 1095 502 1144; x_wconf 87' lang='lat' dir='ltr'><strong>millia</strong></span> <span class='ocrx_word' id='word_1_129' title='bbox 516 1093 841 1142; x_wconf 71' lang='lat' dir='ltr'><strong>lacrificulorum</strong></span> <span class='ocrx_word' id='word_1_130' title='bbox 862 1097 905 1141; x_wconf 90' lang='lat' dir='ltr'><strong>in</strong></span> <span class='ocrx_word' id='word_1_131' title='bbox 924 1094 1002 1141; x_wconf 91' lang='lat' dir='ltr'><strong>illis</strong></span> <span class='ocrx_word' id='word_1_132' title='bbox 1019 1095 1226 1160; x_wconf 79' lang='lat' dir='ltr'><strong>speluncis</strong></span> <span class='ocrx_word' id='word_1_133' title='bbox 1241 1094 1294 1140; x_wconf 85' lang='lat' dir='ltr'><strong>ad</strong></span> <span class='ocrx_word' id='word_1_134' title='bbox 1314 1108 1489 1143; x_wconf 81' lang='lat' dir='ltr'><strong>aeternos</strong></span> <span class='ocrx_word' id='word_1_135' title='bbox 1507 1094 1623 1160; x_wconf 83' lang='lat' dir='ltr'>quasi</span> <span class='ocrx_word' id='word_1_136' title='bbox 1644 1113 1732 1143; x_wconf 83' lang='lat' dir='ltr'><strong>car-</strong></span> 
     </span>
     <span class='ocr_line' id='line_1_15' title="bbox 89 1163 1730 1230; baseline 0.001 -20"><span class='ocrx_word' id='word_1_137' title='bbox 89 1170 201 1211; x_wconf 74' lang='lat' dir='ltr'><strong>ceres</strong></span> <span class='ocrx_word' id='word_1_138' title='bbox 220 1163 257 1211; x_wconf 84' lang='lat' dir='ltr'><strong>se</strong></span> <span class='ocrx_word' id='word_1_139' title='bbox 277 1165 538 1213; x_wconf 77' lang='lat' dir='ltr'><strong>damnarunt.</strong></span> <span class='ocrx_word' id='word_1_140' title='bbox 584 1165 720 1211; x_wconf 84' lang='lat' dir='ltr'><strong>Cibos</strong></span> <span class='ocrx_word' id='word_1_141' title='bbox 743 1182 819 1228; x_wconf 89' lang='lat' dir='ltr'><strong>per</strong></span> <span class='ocrx_word' id='word_1_142' title='bbox 834 1163 982 1210; x_wconf 81' lang='lat' dir='ltr'><strong>funem</strong></span> <span class='ocrx_word' id='word_1_143' title='bbox 998 1164 1234 1222; x_wconf 87' lang='lat' dir='ltr'><strong>attrahunt,</strong></span> <span class='ocrx_word' id='word_1_144' title='bbox 1266 1163 1386 1227; x_wconf 87' lang='lat' dir='ltr'><strong>quod</strong></span> <span class='ocrx_word' id='word_1_145' title='bbox 1411 1163 1498 1229; x_wconf 90' lang='lat' dir='ltr'><strong>ipsa</strong></span> <span class='ocrx_word' id='word_1_146' title='bbox 1522 1182 1645 1230; x_wconf 86' lang='lat' dir='ltr'><strong>rupes</strong></span> <span class='ocrx_word' id='word_1_147' title='bbox 1670 1167 1730 1211; x_wconf 83' lang='lat' dir='ltr'><strong>ob</strong></span> 
     </span>
     <span class='ocr_line' id='line_1_16' title="bbox 89 1231 1732 1297; baseline -0.001 -17"><span class='ocrx_word' id='word_1_148' title='bbox 89 1234 356 1283; x_wconf 78' lang='lat' dir='ltr'><strong>altitudinem</strong></span> <span class='ocrx_word' id='word_1_149' title='bbox 376 1236 463 1282; x_wconf 81' lang='lat' dir='ltr'><strong>fere</strong></span> <span class='ocrx_word' id='word_1_150' title='bbox 495 1234 691 1279; x_wconf 78' lang='lat' dir='ltr'><strong>inacceffa</strong></span> <span class='ocrx_word' id='word_1_151' title='bbox 717 1231 778 1280; x_wconf 89' lang='lat' dir='ltr'><strong>fit.</strong></span> <span class='ocrx_word' id='word_1_152' title='bbox 819 1234 1077 1297; x_wconf 85' lang='lat' dir='ltr'><strong>Frequentes</strong></span> <span class='ocrx_word' id='word_1_153' title='bbox 1111 1247 1201 1279; x_wconf 90' lang='lat' dir='ltr'><strong>tota</strong></span> <span class='ocrx_word' id='word_1_154' title='bbox 1222 1234 1319 1278; x_wconf 87' lang='lat' dir='ltr'><strong>Sina</strong></span> <span class='ocrx_word' id='word_1_155' title='bbox 1336 1231 1388 1278; x_wconf 89' lang='lat' dir='ltr'><strong>ad</strong></span> <span class='ocrx_word' id='word_1_156' title='bbox 1408 1232 1522 1279; x_wconf 86' lang='lat' dir='ltr'><strong>hunc</strong></span> <span class='ocrx_word' id='word_1_157' title='bbox 1538 1248 1732 1281; x_wconf 89' lang='lat' dir='ltr'><strong>montem</strong></span> 
     </span>
     <span class='ocr_line' id='line_1_17' title="bbox 90 1299 1733 1367; baseline -0.001 -17"><span class='ocrx_word' id='word_1_158' title='bbox 90 1302 371 1364; x_wconf 71' lang='lat' dir='ltr'><strong>excurfiones,</strong></span> <span class='ocrx_word' id='word_1_159' title='bbox 381 1304 564 1350; x_wconf 78' lang='lat' dir='ltr'><strong>maxime</strong></span> <span class='ocrx_word' id='word_1_160' title='bbox 583 1302 1167 1363; x_wconf 76' lang='lat' dir='ltr'><strong>Maj01nense,instituuntur.</strong></span> <span class='ocrx_word' id='word_1_161' title='bbox 1202 1303 1251 1347; x_wconf 93' lang='lat' dir='ltr'><strong>In</strong></span> <span class='ocrx_word' id='word_1_162' title='bbox 1267 1299 1417 1347; x_wconf 90' lang='lat' dir='ltr'><strong>eadem</strong></span> <span class='ocrx_word' id='word_1_163' title='bbox 1431 1303 1607 1366; x_wconf 83' lang='lat' dir='ltr'><strong>regione</strong></span> <span class='ocrx_word' id='word_1_164' title='bbox 1617 1301 1733 1367; x_wconf 84' lang='lat' dir='ltr'><strong>apud</strong></span> 
     </span>
     <span class='ocr_line' id='line_1_18' title="bbox 91 1368 1733 1435; baseline 0.001 -18"><span class='ocrx_word' id='word_1_165' title='bbox 91 1373 241 1418; x_wconf 83' lang='lat' dir='ltr'><strong>urbem</strong></span> <span class='ocrx_word' id='word_1_166' title='bbox 261 1375 350 1424; x_wconf 64' lang='lat' dir='ltr'><strong>Cul&lt;i</strong></span> <span class='ocrx_word' id='word_1_167' title='bbox 381 1389 502 1419; x_wconf 86' lang='lat' dir='ltr'><strong>mons</strong></span> <span class='ocrx_word' id='word_1_168' title='bbox 518 1375 584 1418; x_wconf 77' lang='lat' dir='ltr'><strong>Lu</strong></span> <span class='ocrx_word' id='word_1_169' title='bbox 601 1371 682 1430; x_wconf 82' lang='lat' dir='ltr'><strong>est,</strong></span> <span class='ocrx_word' id='word_1_170' title='bbox 717 1372 761 1417; x_wconf 77' lang='lat'><strong>8&lt;</strong></span> <span class='ocrx_word' id='word_1_171' title='bbox 775 1371 882 1418; x_wconf 88' lang='lat' dir='ltr'><strong>ineo</strong></span> <span class='ocrx_word' id='word_1_172' title='bbox 901 1369 1254 1435; x_wconf 88' lang='lat' dir='ltr'><strong>templum,quod</strong></span> <span class='ocrx_word' id='word_1_173' title='bbox 1270 1368 1460 1417; x_wconf 87' lang='lat' dir='ltr'><strong>felicium</strong></span> <span class='ocrx_word' id='word_1_174' title='bbox 1471 1370 1733 1419; x_wconf 86' lang='lat' dir='ltr'><strong>somniorum</strong></span> 
     </span>
     <span class='ocr_line' id='line_1_19' title="bbox 91 1442 610 1506; baseline -0.004 -18"><span class='ocrx_word' id='word_1_175' title='bbox 91 1458 195 1506; x_wconf 81' lang='lat' dir='ltr'><strong>ergo</strong></span> <span class='ocrx_word' id='word_1_176' title='bbox 212 1442 482 1506; x_wconf 76' lang='lat' dir='ltr'><strong>frequentant</strong></span> <span class='ocrx_word' id='word_1_177' title='bbox 491 1442 610 1487; x_wconf 75' lang='lat' dir='ltr'><strong>Sinae.</strong></span> 
     </span>
    </p>

    <p class='ocr_par' dir='ltr' id='par_1_6' title="bbox 89 1506 1738 3098">
     <span class='ocr_line' id='line_1_20' title="bbox 162 1506 1736 1577; baseline 0 -21"><span class='ocrx_word' id='word_1_178' title='bbox 162 1513 300 1575; x_wconf 88' lang='lat' dir='ltr'><strong>Prope</strong></span> <span class='ocrx_word' id='word_1_179' title='bbox 321 1509 508 1577; x_wconf 69' lang='lat' dir='ltr'><strong>[miggan</strong></span> <span class='ocrx_word' id='word_1_180' title='bbox 532 1510 704 1556; x_wconf 88' lang='lat' dir='ltr'><strong>tertium</strong></span> <span class='ocrx_word' id='word_1_181' title='bbox 727 1521 884 1573; x_wconf 82' lang='lat' dir='ltr'><strong>quartae</strong></span> <span class='ocrx_word' id='word_1_182' title='bbox 901 1506 1161 1572; x_wconf 86' lang='lat' dir='ltr'><strong>Metropolis</strong></span> <span class='ocrx_word' id='word_1_183' title='bbox 1179 1508 1406 1573; x_wconf 78' lang='lat' dir='ltr'><strong>Kienning,</strong></span> <span class='ocrx_word' id='word_1_184' title='bbox 1440 1508 1482 1553; x_wconf 92' lang='lat' dir='ltr'><strong>in</strong></span> <span class='ocrx_word' id='word_1_185' title='bbox 1514 1510 1736 1556; x_wconf 85' lang='lat' dir='ltr'><strong>Provincia</strong></span> 
     </span>
     <span class='ocr_line' id='line_1_21' title="bbox 90 1573 1737 1645; baseline -0.002 -19"><span class='ocrx_word' id='word_1_186' title='bbox 90 1580 247 1639; x_wconf 76' lang='lat' dir='ltr'><strong>Fokien,</strong></span> <span class='ocrx_word' id='word_1_187' title='bbox 257 1573 472 1645; x_wconf 84' lang='lat' dir='ltr'><strong>oppidum</strong></span> <span class='ocrx_word' id='word_1_188' title='bbox 491 1595 611 1626; x_wconf 86' lang='lat' dir='ltr'><strong>mons</strong></span> <span class='ocrx_word' id='word_1_189' title='bbox 625 1584 669 1626; x_wconf 87' lang='lat' dir='ltr'><em>V</em></span> <span class='ocrx_word' id='word_1_190' title='bbox 665 1598 710 1637; x_wconf 77' lang='lat' dir='ltr'><strong>ny</strong></span> <span class='ocrx_word' id='word_1_191' title='bbox 728 1576 864 1638; x_wconf 77' lang='lat' dir='ltr'><strong>jacet,</strong></span> <span class='ocrx_word' id='word_1_192' title='bbox 897 1578 939 1624; x_wconf 93' lang='lat' dir='ltr'><strong>in</strong></span> <span class='ocrx_word' id='word_1_193' title='bbox 951 1594 1042 1642; x_wconf 91' lang='lat' dir='ltr'><strong>quo</strong></span> <span class='ocrx_word' id='word_1_194' title='bbox 1060 1576 1240 1642; x_wconf 89' lang='lat' dir='ltr'><strong>plurima</strong></span> <span class='ocrx_word' id='word_1_195' title='bbox 1263 1577 1358 1623; x_wconf 89' lang='lat' dir='ltr'><strong>sunt</strong></span> <span class='ocrx_word' id='word_1_196' title='bbox 1381 1575 1599 1625; x_wconf 91' lang='lat' dir='ltr'><strong>idolorum</strong></span> <span class='ocrx_word' id='word_1_197' title='bbox 1617 1577 1737 1639; x_wconf 77' lang='lat' dir='ltr'><strong>fana,</strong></span> 
     </span>
     <span class='ocr_line' id='line_1_22' title="bbox 89 1645 1737 1713; baseline -0.001 -18"><span class='ocrx_word' id='word_1_198' title='bbox 89 1648 419 1696; x_wconf 87' lang='lat' dir='ltr'><strong>sacrificulorum</strong></span> <span class='ocrx_word' id='word_1_199' title='bbox 428 1646 652 1704; x_wconf 79' lang='lat' dir='ltr'><strong>coenobia,</strong></span> <span class='ocrx_word' id='word_1_200' title='bbox 684 1648 729 1693; x_wconf 67' lang='grc' dir='ltr'><strong>δε</strong></span> <span class='ocrx_word' id='word_1_201' title='bbox 746 1647 1006 1695; x_wconf 78' lang='lat' dir='ltr'><strong>anachoretae</strong></span> <span class='ocrx_word' id='word_1_202' title='bbox 1018 1684 1031 1706; x_wconf 88' lang='lat'><strong>,</strong></span> <span class='ocrx_word' id='word_1_203' title='bbox 1071 1648 1180 1693; x_wconf 90' lang='lat' dir='ltr'><strong>inter</strong></span> <span class='ocrx_word' id='word_1_204' title='bbox 1198 1663 1307 1711; x_wconf 90' lang='lat' dir='ltr'><strong>quos</strong></span> <span class='ocrx_word' id='word_1_205' title='bbox 1324 1645 1449 1693; x_wconf 90' lang='lat' dir='ltr'><strong>multi</strong></span> <span class='ocrx_word' id='word_1_206' title='bbox 1467 1647 1491 1693; x_wconf 85' lang='grc' dir='ltr'>ὲ</span> <span class='ocrx_word' id='word_1_207' title='bbox 1513 1649 1737 1713; x_wconf 77' lang='lat' dir='ltr'><strong>praecipuis</strong></span> 
     </span>
     <span class='ocr_line' id='line_1_23' title="bbox 90 1715 1737 1783; baseline 0 -18"><span class='ocrx_word' id='word_1_208' title='bbox 90 1720 181 1766; x_wconf 88' lang='lat' dir='ltr'><strong>raso</strong></span> <span class='ocrx_word' id='word_1_209' title='bbox 204 1720 345 1783; x_wconf 88' lang='lat' dir='ltr'><strong>capite</strong></span> <span class='ocrx_word' id='word_1_210' title='bbox 365 1716 516 1766; x_wconf 69' lang='lat' dir='ltr'><strong>cun5ta</strong></span> <span class='ocrx_word' id='word_1_211' title='bbox 532 1715 745 1767; x_wconf 84' lang='lat' dir='ltr'><strong>mundana</strong></span> <span class='ocrx_word' id='word_1_212' title='bbox 758 1717 972 1782; x_wconf 88' lang='lat' dir='ltr'><strong>spernunt.</strong></span> <span class='ocrx_word' id='word_1_213' title='bbox 1014 1719 1127 1764; x_wconf 87' lang='lat' dir='ltr'><strong>Inter</strong></span> <span class='ocrx_word' id='word_1_214' title='bbox 1148 1715 1239 1763; x_wconf 84' lang='lat' dir='ltr'><strong>haec</strong></span> <span class='ocrx_word' id='word_1_215' title='bbox 1261 1715 1509 1763; x_wconf 79' lang='lat' dir='ltr'><strong>daemonum</strong></span> <span class='ocrx_word' id='word_1_216' title='bbox 1525 1717 1737 1783; x_wconf 85' lang='lat' dir='ltr'><strong>mancipia</strong></span> 
     </span>
     <span class='ocr_line' id='line_1_24' title="bbox 90 1784 1738 1852; baseline 0.001 -17"><span class='ocrx_word' id='word_1_217' title='bbox 90 1786 186 1835; x_wconf 88' lang='lat' dir='ltr'><strong>suos</strong></span> <span class='ocrx_word' id='word_1_218' title='bbox 195 1804 374 1852; x_wconf 89' lang='lat' dir='ltr'><strong>quoque</strong></span> <span class='ocrx_word' id='word_1_219' title='bbox 388 1789 511 1835; x_wconf 89' lang='lat' dir='ltr'><strong>Deus</strong></span> <span class='ocrx_word' id='word_1_220' title='bbox 526 1786 655 1852; x_wconf 88' lang='lat' dir='ltr'><strong>elegit</strong></span> <span class='ocrx_word' id='word_1_221' title='bbox 665 1786 825 1845; x_wconf 86' lang='lat' dir='ltr'><strong>servos,</strong></span> <span class='ocrx_word' id='word_1_222' title='bbox 838 1784 957 1848; x_wconf 82' lang='lat' dir='ltr'><strong>cujus</strong></span> <span class='ocrx_word' id='word_1_223' title='bbox 971 1788 1031 1833; x_wconf 90' lang='lat' dir='ltr'><strong>rei</strong></span> <span class='ocrx_word' id='word_1_224' title='bbox 1042 1797 1218 1834; x_wconf 88' lang='lat' dir='ltr'><strong>eventus</strong></span> <span class='ocrx_word' id='word_1_225' title='bbox 1232 1785 1358 1850; x_wconf 87' lang='lat' dir='ltr'><strong>plane</strong></span> <span class='ocrx_word' id='word_1_226' title='bbox 1373 1785 1641 1834; x_wconf 86' lang='lat' dir='ltr'><strong>admirandus</strong></span> <span class='ocrx_word' id='word_1_227' title='bbox 1652 1785 1738 1837; x_wconf 51' lang='lat' dir='ltr'><strong>estss</strong></span> 
     </span>
     <span class='ocr_line' id='line_1_25' title="bbox 91 1853 1737 1922; baseline 0.001 -18"><span class='ocrx_word' id='word_1_228' title='bbox 91 1857 434 1904; x_wconf 83' lang='lat' dir='ltr'><strong>Archimandrita</strong></span> <span class='ocrx_word' id='word_1_229' title='bbox 449 1856 626 1922; x_wconf 90' lang='lat' dir='ltr'><strong>quidam</strong></span> <span class='ocrx_word' id='word_1_230' title='bbox 649 1858 773 1922; x_wconf 80' lang='lat' dir='ltr'><strong>Chang</strong></span> <span class='ocrx_word' id='word_1_231' title='bbox 790 1855 922 1902; x_wconf 56' lang='lat' dir='ltr'><strong>diffsus</strong></span> <span class='ocrx_word' id='word_1_232' title='bbox 941 1868 1062 1903; x_wconf 82' lang='lat' dir='ltr'><strong>aetate</strong></span> <span class='ocrx_word' id='word_1_233' title='bbox 1080 1854 1324 1920; x_wconf 70' lang='lat' dir='ltr'><strong>proveffior</strong></span> <span class='ocrx_word' id='word_1_234' title='bbox 1342 1855 1414 1902; x_wconf 88' lang='lat' dir='ltr'><strong>sua</strong></span> <span class='ocrx_word' id='word_1_235' title='bbox 1436 1854 1531 1903; x_wconf 85' lang='lat' dir='ltr'><strong>fana</strong></span> <span class='ocrx_word' id='word_1_236' title='bbox 1554 1894 1566 1915; x_wconf 82' lang='lat'>‚</span> <span class='ocrx_word' id='word_1_237' title='bbox 1600 1853 1737 1921; x_wconf 89' lang='lat' dir='ltr'><strong>(binis</strong></span> 
     </span>
     <span class='ocr_line' id='line_1_26' title="bbox 91 1922 1737 1993; baseline 0 -21"><span class='ocrx_word' id='word_1_238' title='bbox 91 1929 206 1974; x_wconf 92' lang='lat' dir='ltr'><strong>enim</strong></span> <span class='ocrx_word' id='word_1_239' title='bbox 221 1926 418 1993; x_wconf 63' lang='lat' dir='ltr'><strong>praeerat)</strong></span> <span class='ocrx_word' id='word_1_240' title='bbox 450 1928 494 1974; x_wconf 91' lang='lat' dir='ltr'><strong>in</strong></span> <span class='ocrx_word' id='word_1_241' title='bbox 518 1943 613 1973; x_wconf 88' lang='lat' dir='ltr'><strong>vera</strong></span> <span class='ocrx_word' id='word_1_242' title='bbox 634 1926 720 1972; x_wconf 88' lang='lat' dir='ltr'><strong>Dei</strong></span> <span class='ocrx_word' id='word_1_243' title='bbox 740 1923 898 1988; x_wconf 88' lang='lat' dir='ltr'><strong>templa</strong></span> <span class='ocrx_word' id='word_1_244' title='bbox 916 1927 1129 1972; x_wconf 88' lang='lat' dir='ltr'><strong>convertit</strong></span> <span class='ocrx_word' id='word_1_245' title='bbox 1142 1960 1154 1983; x_wconf 83' lang='lat'><strong>,</strong></span> <span class='ocrx_word' id='word_1_246' title='bbox 1186 1922 1312 1971; x_wconf 82' lang='lat' dir='ltr'><strong>idolis</strong></span> <span class='ocrx_word' id='word_1_247' title='bbox 1332 1926 1506 1990; x_wconf 89' lang='lat' dir='ltr'><strong>propria</strong></span> <span class='ocrx_word' id='word_1_248' title='bbox 1522 1940 1650 1972; x_wconf 87' lang='lat' dir='ltr'><strong>manu</strong></span> <span class='ocrx_word' id='word_1_249' title='bbox 1660 1943 1737 1990; x_wconf 84' lang='lat' dir='ltr'><strong>per</strong></span> 
     </span>
     <span class='ocr_line' id='line_1_27' title="bbox 92 1990 1736 2054; baseline 0.001 -14"><span class='ocrx_word' id='word_1_250' title='bbox 92 1993 268 2052; x_wconf 84' lang='lat' dir='ltr'><strong>securim</strong></span> <span class='ocrx_word' id='word_1_251' title='bbox 299 1994 488 2043; x_wconf 87' lang='lat' dir='ltr'><strong>concisis.</strong></span> <span class='ocrx_word' id='word_1_252' title='bbox 537 1995 659 2042; x_wconf 89' lang='lat' dir='ltr'><strong>Dum</strong></span> <span class='ocrx_word' id='word_1_253' title='bbox 677 1994 745 2040; x_wconf 89' lang='lat' dir='ltr'><strong>hic</strong></span> <span class='ocrx_word' id='word_1_254' title='bbox 763 1990 1019 2054; x_wconf 77' lang='lat' dir='ltr'><strong>juvenilibus</strong></span> <span class='ocrx_word' id='word_1_255' title='bbox 1037 1995 1153 2041; x_wconf 87' lang='lat' dir='ltr'><strong>annis</strong></span> <span class='ocrx_word' id='word_1_256' title='bbox 1186 1992 1356 2040; x_wconf 88' lang='lat' dir='ltr'><strong>cuidam</strong></span> <span class='ocrx_word' id='word_1_257' title='bbox 1383 1993 1736 2041; x_wconf 77' lang='lat' dir='ltr'><strong>Archimandritae</strong></span> 
     </span>
     <span class='ocr_line' id='line_1_28' title="bbox 91 2061 1736 2127; baseline 0 -17"><span class='ocrx_word' id='word_1_258' title='bbox 91 2062 276 2112; x_wconf 84' lang='lat' dir='ltr'><strong>fideliter</strong></span> <span class='ocrx_word' id='word_1_259' title='bbox 306 2065 520 2112; x_wconf 88' lang='lat' dir='ltr'><strong>inserviret</strong></span> <span class='ocrx_word' id='word_1_260' title='bbox 535 2101 547 2121; x_wconf 88' lang='lat'><strong>,</strong></span> <span class='ocrx_word' id='word_1_261' title='bbox 589 2078 637 2111; x_wconf 89' lang='lat' dir='ltr'><strong>ut</strong></span> <span class='ocrx_word' id='word_1_262' title='bbox 652 2080 797 2111; x_wconf 86' lang='lat' dir='ltr'><strong>arcana</strong></span> <span class='ocrx_word' id='word_1_263' title='bbox 814 2061 941 2108; x_wconf 64' lang='lat' dir='ltr'><strong>Sefiae</strong></span> <span class='ocrx_word' id='word_1_264' title='bbox 962 2062 1145 2110; x_wconf 86' lang='lat' dir='ltr'><strong>traderet</strong></span> <span class='ocrx_word' id='word_1_265' title='bbox 1166 2061 1317 2110; x_wconf 90' lang='lat' dir='ltr'><strong>melius</strong></span> <span class='ocrx_word' id='word_1_266' title='bbox 1332 2101 1344 2123; x_wconf 79' lang='lat'><strong>,</strong></span> <span class='ocrx_word' id='word_1_267' title='bbox 1377 2062 1554 2123; x_wconf 76' lang='lat' dir='ltr'><strong>accidit,</strong></span> <span class='ocrx_word' id='word_1_268' title='bbox 1581 2075 1631 2110; x_wconf 91' lang='lat' dir='ltr'><strong>ut</strong></span> <span class='ocrx_word' id='word_1_269' title='bbox 1648 2063 1736 2127; x_wconf 87' lang='lat' dir='ltr'><strong>ipse</strong></span> 
     </span>
     <span class='ocr_line' id='line_1_29' title="bbox 91 2129 1735 2200; baseline 0 -21"><span class='ocrx_word' id='word_1_270' title='bbox 91 2133 249 2180; x_wconf 88' lang='lat' dir='ltr'><strong>morbo</strong></span> <span class='ocrx_word' id='word_1_271' title='bbox 263 2134 549 2200; x_wconf 80' lang='lat' dir='ltr'><strong>oppreffus,&amp;</strong></span> <span class='ocrx_word' id='word_1_272' title='bbox 567 2133 682 2181; x_wconf 91' lang='lat' dir='ltr'><strong>senio</strong></span> <span class='ocrx_word' id='word_1_273' title='bbox 702 2129 918 2179; x_wconf 65' lang='lat' dir='ltr'><strong>confeftus</strong></span> <span class='ocrx_word' id='word_1_274' title='bbox 939 2131 1141 2198; x_wconf 86' lang='lat' dir='ltr'><strong>paulatim</strong></span> <span class='ocrx_word' id='word_1_275' title='bbox 1160 2133 1289 2179; x_wconf 80' lang='lat' dir='ltr'><strong>morti</strong></span> <span class='ocrx_word' id='word_1_276' title='bbox 1305 2131 1426 2180; x_wconf 87' lang='lat' dir='ltr'><strong>fieret</strong></span> <span class='ocrx_word' id='word_1_277' title='bbox 1436 2134 1628 2182; x_wconf 80' lang='lat' dir='ltr'><strong>vicinior.</strong></span> <span class='ocrx_word' id='word_1_278' title='bbox 1665 2136 1735 2180; x_wconf 82' lang='lat' dir='ltr'><strong>In-</strong></span> 
     </span>
     <span class='ocr_line' id='line_1_30' title="bbox 91 2199 1733 2268; baseline -0.001 -20"><span class='ocrx_word' id='word_1_279' title='bbox 91 2216 279 2268; x_wconf 82' lang='lat' dir='ltr'><strong>terrogat</strong></span> <span class='ocrx_word' id='word_1_280' title='bbox 297 2203 547 2268; x_wconf 85' lang='lat' dir='ltr'><strong>Magistrum</strong></span> <span class='ocrx_word' id='word_1_281' title='bbox 562 2201 789 2266; x_wconf 82' lang='lat' dir='ltr'><strong>discipulus</strong></span> <span class='ocrx_word' id='word_1_282' title='bbox 802 2238 814 2259; x_wconf 91' lang='lat'><strong>,</strong></span> <span class='ocrx_word' id='word_1_283' title='bbox 831 2219 937 2248; x_wconf 90' lang='lat' dir='ltr'><strong>num</strong></span> <span class='ocrx_word' id='word_1_284' title='bbox 945 2200 1192 2267; x_wconf 88' lang='lat' dir='ltr'><strong>verelegem</strong></span> <span class='ocrx_word' id='word_1_285' title='bbox 1206 2240 1220 2261; x_wconf 80' lang='lat'><strong>,</strong></span> <span class='ocrx_word' id='word_1_286' title='bbox 1245 2219 1375 2266; x_wconf 88' lang='lat' dir='ltr'><strong>quam</strong></span> <span class='ocrx_word' id='word_1_287' title='bbox 1389 2200 1429 2248; x_wconf 89' lang='lat' dir='ltr'><strong>se</strong></span> <span class='ocrx_word' id='word_1_288' title='bbox 1445 2199 1642 2249; x_wconf 59' lang='lat' dir='ltr'><strong>haetenus</strong></span> <span class='ocrx_word' id='word_1_289' title='bbox 1654 2200 1733 2247; x_wconf 91' lang='lat' dir='ltr'><strong>do-</strong></span> 
     </span>
     <span class='ocr_line' id='line_1_31' title="bbox 91 2268 1735 2334; baseline 0 -18"><span class='ocrx_word' id='word_1_290' title='bbox 91 2270 446 2331; x_wconf 86' lang='lat' dir='ltr'><strong>cuerat,crederet</strong></span> <span class='ocrx_word' id='word_1_291' title='bbox 461 2271 513 2317; x_wconf 89' lang='lat' dir='ltr'><strong>ad</strong></span> <span class='ocrx_word' id='word_1_292' title='bbox 533 2269 706 2319; x_wconf 87' lang='lat' dir='ltr'><strong>salutem</strong></span> <span class='ocrx_word' id='word_1_293' title='bbox 726 2269 1069 2334; x_wconf 83' lang='lat' dir='ltr'><strong>consequendam</strong></span> <span class='ocrx_word' id='word_1_294' title='bbox 1086 2284 1229 2334; x_wconf 81' lang='lat' dir='ltr'><strong>aptam</strong></span> <span class='ocrx_word' id='word_1_295' title='bbox 1240 2270 1329 2315; x_wconf 83' lang='lat' dir='ltr'><strong>satis</strong></span> <span class='ocrx_word' id='word_1_296' title='bbox 1342 2272 1387 2316; x_wconf 89' lang='lat'>&amp;</span> <span class='ocrx_word' id='word_1_297' title='bbox 1409 2268 1623 2316; x_wconf 82' lang='lat' dir='ltr'><strong>efficacem</strong></span> <span class='ocrx_word' id='word_1_298' title='bbox 1637 2287 1735 2328; x_wconf 84' lang='lat' dir='ltr'><strong>,nec</strong></span> 
     </span>
     <span class='ocr_line' id='line_1_32' title="bbox 92 2336 1735 2404; baseline -0.002 -18"><span class='ocrx_word' id='word_1_299' title='bbox 92 2343 166 2387; x_wconf 88' lang='lat' dir='ltr'><strong>ne?</strong></span> <span class='ocrx_word' id='word_1_300' title='bbox 185 2341 273 2388; x_wconf 92' lang='lat' dir='ltr'><strong>Cui</strong></span> <span class='ocrx_word' id='word_1_301' title='bbox 290 2339 419 2386; x_wconf 85' lang='lat' dir='ltr'><strong>senex</strong></span> <span class='ocrx_word' id='word_1_302' title='bbox 432 2339 648 2404; x_wconf 83' lang='lat' dir='ltr'><strong>respondit</strong></span> <span class='ocrx_word' id='word_1_303' title='bbox 664 2359 674 2386; x_wconf 75' lang='grc' dir='ltr'>ε</span> <span class='ocrx_word' id='word_1_304' title='bbox 694 2356 783 2386; x_wconf 88' lang='lat' dir='ltr'><strong>non</strong></span> <span class='ocrx_word' id='word_1_305' title='bbox 800 2336 861 2384; x_wconf 83' lang='lat' dir='ltr'><strong>fili</strong></span> <span class='ocrx_word' id='word_1_306' title='bbox 876 2376 888 2398; x_wconf 83' lang='lat'><strong>,</strong></span> <span class='ocrx_word' id='word_1_307' title='bbox 915 2338 984 2385; x_wconf 90' lang='lat' dir='ltr'><strong>sed</strong></span> <span class='ocrx_word' id='word_1_308' title='bbox 999 2337 1220 2385; x_wconf 86' lang='lat' dir='ltr'><strong>meliorem</strong></span> <span class='ocrx_word' id='word_1_309' title='bbox 1238 2337 1443 2385; x_wconf 88' lang='lat' dir='ltr'><strong>nescimus</strong></span> <span class='ocrx_word' id='word_1_310' title='bbox 1455 2374 1467 2395; x_wconf 93' lang='lat'><strong>,</strong></span> <span class='ocrx_word' id='word_1_311' title='bbox 1485 2351 1527 2384; x_wconf 84' lang='lat' dir='ltr'><strong>at</strong></span> <span class='ocrx_word' id='word_1_312' title='bbox 1537 2336 1647 2385; x_wconf 88' lang='lat' dir='ltr'><strong>bene</strong></span> <span class='ocrx_word' id='word_1_313' title='bbox 1655 2355 1735 2403; x_wconf 85' lang='lat' dir='ltr'><strong>age</strong></span> 
     </span>
     <span class='ocr_line' id='line_1_33' title="bbox 92 2404 1733 2473; baseline -0.001 -17"><span class='ocrx_word' id='word_1_314' title='bbox 92 2410 138 2456; x_wconf 75' lang='lat'><strong>8&lt;</strong></span> <span class='ocrx_word' id='word_1_315' title='bbox 153 2410 309 2469; x_wconf 81' lang='lat' dir='ltr'><strong>laetare,</strong></span> <span class='ocrx_word' id='word_1_316' title='bbox 320 2407 417 2473; x_wconf 87' lang='lat' dir='ltr'><strong>post</strong></span> <span class='ocrx_word' id='word_1_317' title='bbox 432 2426 563 2455; x_wconf 88' lang='lat' dir='ltr'><strong>annos</strong></span> <span class='ocrx_word' id='word_1_318' title='bbox 573 2407 851 2473; x_wconf 84' lang='lat' dir='ltr'><strong>quadraginta</strong></span> <span class='ocrx_word' id='word_1_319' title='bbox 860 2407 1009 2466; x_wconf 84' lang='lat' dir='ltr'><strong>aderit,</strong></span> <span class='ocrx_word' id='word_1_320' title='bbox 1020 2408 1094 2471; x_wconf 92' lang='lat' dir='ltr'><strong>qui</strong></span> <span class='ocrx_word' id='word_1_321' title='bbox 1106 2405 1184 2454; x_wconf 90' lang='lat' dir='ltr'><strong>tibi</strong></span> <span class='ocrx_word' id='word_1_322' title='bbox 1196 2423 1344 2453; x_wconf 90' lang='lat' dir='ltr'><strong>verum</strong></span> <span class='ocrx_word' id='word_1_323' title='bbox 1353 2404 1490 2452; x_wconf 89' lang='lat' dir='ltr'><strong>salutis</strong></span> <span class='ocrx_word' id='word_1_324' title='bbox 1505 2408 1584 2453; x_wconf 87' lang='lat' dir='ltr'><strong>iter</strong></span> <span class='ocrx_word' id='word_1_325' title='bbox 1593 2405 1733 2455; x_wconf 89' lang='lat' dir='ltr'><strong>osten-</strong></span> 
     </span>
     <span class='ocr_line' id='line_1_34' title="bbox 92 2473 1733 2543; baseline -0.002 -18"><span class='ocrx_word' id='word_1_326' title='bbox 92 2477 178 2528; x_wconf 91' lang='lat' dir='ltr'><strong>dat.</strong></span> <span class='ocrx_word' id='word_1_327' title='bbox 211 2480 288 2527; x_wconf 91' lang='lat' dir='ltr'><strong>His</strong></span> <span class='ocrx_word' id='word_1_328' title='bbox 302 2477 421 2525; x_wconf 71' lang='lat' dir='ltr'><strong>diffis</strong></span> <span class='ocrx_word' id='word_1_329' title='bbox 435 2474 632 2543; x_wconf 82' lang='lat' dir='ltr'><strong>exspirat.</strong></span> <span class='ocrx_word' id='word_1_330' title='bbox 667 2480 728 2524; x_wconf 86' lang='lat' dir='ltr'><strong>At</strong></span> <span class='ocrx_word' id='word_1_331' title='bbox 751 2474 1276 2542; x_wconf 66' lang='lat' dir='ltr'><strong>ClmngmultimaMagissri</strong></span> <span class='ocrx_word' id='word_1_332' title='bbox 1292 2475 1353 2522; x_wconf 91' lang='lat' dir='ltr'><strong>sui</strong></span> <span class='ocrx_word' id='word_1_333' title='bbox 1373 2473 1517 2537; x_wconf 83' lang='lat' dir='ltr'><strong>verba,</strong></span> <span class='ocrx_word' id='word_1_334' title='bbox 1528 2475 1733 2523; x_wconf 86' lang='lat' dir='ltr'><strong>velutcu-</strong></span> 
     </span>
     <span class='ocr_line' id='line_1_35' title="bbox 91 2543 1731 2609; baseline -0.004 -13"><span class='ocrx_word' id='word_1_335' title='bbox 91 2546 255 2609; x_wconf 76' lang='lat' dir='ltr'><strong>jusdam</strong></span> <span class='ocrx_word' id='word_1_336' title='bbox 274 2547 493 2595; x_wconf 86' lang='lat' dir='ltr'><strong>divinioris</strong></span> <span class='ocrx_word' id='word_1_337' title='bbox 506 2548 702 2595; x_wconf 87' lang='lat' dir='ltr'><strong>Numinis</strong></span> <span class='ocrx_word' id='word_1_338' title='bbox 719 2546 886 2593; x_wconf 88' lang='lat' dir='ltr'><strong>oracula</strong></span> <span class='ocrx_word' id='word_1_339' title='bbox 898 2585 912 2606; x_wconf 78' lang='grc'>,</span> <span class='ocrx_word' id='word_1_340' title='bbox 931 2563 1021 2592; x_wconf 90' lang='lat' dir='ltr'><strong>non</strong></span> <span class='ocrx_word' id='word_1_341' title='bbox 1029 2558 1255 2592; x_wconf 85' lang='lat' dir='ltr'><strong>contentus</strong></span> <span class='ocrx_word' id='word_1_342' title='bbox 1272 2543 1479 2593; x_wconf 76' lang='lat' dir='ltr'><strong>mandasse</strong></span> <span class='ocrx_word' id='word_1_343' title='bbox 1489 2546 1731 2605; x_wconf 73' lang='lat' dir='ltr'><strong>memoriae,</strong></span> 
     </span>
     <span class='ocr_line' id='line_1_36' title="bbox 92 2613 1731 2684; baseline -0.001 -21"><span class='ocrx_word' id='word_1_344' title='bbox 92 2617 244 2666; x_wconf 85' lang='lat' dir='ltr'><strong>chartae</strong></span> <span class='ocrx_word' id='word_1_345' title='bbox 255 2615 485 2684; x_wconf 82' lang='lat' dir='ltr'><strong>consignat.</strong></span> <span class='ocrx_word' id='word_1_346' title='bbox 520 2616 676 2682; x_wconf 84' lang='lat' dir='ltr'><strong>Elapso</strong></span> <span class='ocrx_word' id='word_1_347' title='bbox 692 2616 856 2681; x_wconf 85' lang='lat' dir='ltr'><strong>aliquot</strong></span> <span class='ocrx_word' id='word_1_348' title='bbox 873 2630 1081 2663; x_wconf 86' lang='lat' dir='ltr'><strong>annorum</strong></span> <span class='ocrx_word' id='word_1_349' title='bbox 1089 2613 1244 2679; x_wconf 80' lang='lat' dir='ltr'><strong>spatio,</strong></span> <span class='ocrx_word' id='word_1_350' title='bbox 1256 2632 1357 2661; x_wconf 90' lang='lat' dir='ltr'><strong>cum</strong></span> <span class='ocrx_word' id='word_1_351' title='bbox 1370 2614 1549 2660; x_wconf 87' lang='lat' dir='ltr'><strong>civitatis</strong></span> <span class='ocrx_word' id='word_1_352' title='bbox 1560 2614 1731 2680; x_wconf 69' lang='lat' dir='ltr'><strong>Puching</strong></span> 
     </span>
     <span class='ocr_line' id='line_1_37' title="bbox 94 2681 1730 2747; baseline -0.002 -14"><span class='ocrx_word' id='word_1_353' title='bbox 94 2684 312 2733; x_wconf 66' lang='lat' dir='ltr'><strong>PraefeEffls</strong></span> <span class='ocrx_word' id='word_1_354' title='bbox 328 2703 427 2734; x_wconf 85' lang='lat' dir='ltr'><strong>cum</strong></span> <span class='ocrx_word' id='word_1_355' title='bbox 448 2699 539 2733; x_wconf 91' lang='lat' dir='ltr'><strong>tota</strong></span> <span class='ocrx_word' id='word_1_356' title='bbox 552 2685 710 2734; x_wconf 66' lang='lat' dir='ltr'><strong>familia</strong></span> <span class='ocrx_word' id='word_1_357' title='bbox 731 2683 977 2732; x_wconf 87' lang='lat' dir='ltr'><strong>Christianis</strong></span> <span class='ocrx_word' id='word_1_358' title='bbox 996 2682 1112 2730; x_wconf 85' lang='lat' dir='ltr'><strong>sacris</strong></span> <span class='ocrx_word' id='word_1_359' title='bbox 1129 2682 1230 2731; x_wconf 82' lang='lat' dir='ltr'><strong>effet</strong></span> <span class='ocrx_word' id='word_1_360' title='bbox 1249 2684 1456 2740; x_wconf 85' lang='lat' dir='ltr'><strong>initiatus,</strong></span> <span class='ocrx_word' id='word_1_361' title='bbox 1475 2681 1667 2747; x_wconf 76' lang='lat' dir='ltr'><strong>saepeque</strong></span> <span class='ocrx_word' id='word_1_362' title='bbox 1675 2682 1730 2730; x_wconf 89' lang='lat' dir='ltr'><strong>ad</strong></span> 
     </span>
     <span class='ocr_line' id='line_1_38' title="bbox 93 2749 1730 2819; baseline -0.001 -18"><span class='ocrx_word' id='word_1_363' title='bbox 93 2755 232 2819; x_wconf 90' lang='lat' dir='ltr'><strong>ipsum</strong></span> <span class='ocrx_word' id='word_1_364' title='bbox 248 2758 303 2803; x_wconf 82' lang='lat' dir='ltr'><strong>R.</strong></span> <span class='ocrx_word' id='word_1_365' title='bbox 316 2758 362 2805; x_wconf 86' lang='lat' dir='ltr'><strong>P.</strong></span> <span class='ocrx_word' id='word_1_366' title='bbox 375 2757 521 2803; x_wconf 85' lang='lat' dir='ltr'><strong>Simon</strong></span> <span class='ocrx_word' id='word_1_367' title='bbox 540 2755 594 2802; x_wconf 90' lang='lat' dir='ltr'><strong>de</strong></span> <span class='ocrx_word' id='word_1_368' title='bbox 609 2754 789 2802; x_wconf 81' lang='lat' dir='ltr'><strong>Cuncha</strong></span> <span class='ocrx_word' id='word_1_369' title='bbox 808 2753 860 2799; x_wconf 88' lang='lat' dir='ltr'><strong>ad</strong></span> <span class='ocrx_word' id='word_1_370' title='bbox 878 2751 1078 2801; x_wconf 88' lang='lat' dir='ltr'><strong>obeunda</strong></span> <span class='ocrx_word' id='word_1_371' title='bbox 1096 2751 1313 2817; x_wconf 87' lang='lat' dir='ltr'><strong>religionis</strong></span> <span class='ocrx_word' id='word_1_372' title='bbox 1324 2769 1379 2798; x_wconf 84' lang='lat' dir='ltr'><strong>ex</strong></span> <span class='ocrx_word' id='word_1_373' title='bbox 1389 2750 1546 2798; x_wconf 87' lang='lat' dir='ltr'><strong>Christi</strong></span> <span class='ocrx_word' id='word_1_374' title='bbox 1565 2749 1730 2818; x_wconf 85' lang='lat' dir='ltr'><strong>legibus</strong></span> 
     </span>
     <span class='ocr_line' id='line_1_39' title="bbox 96 2818 1733 2890; baseline 0 -20"><span class='ocrx_word' id='word_1_375' title='bbox 96 2823 289 2888; x_wconf 86' lang='lat' dir='ltr'><strong>mysteria</strong></span> <span class='ocrx_word' id='word_1_376' title='bbox 305 2823 550 2883; x_wconf 84' lang='lat' dir='ltr'><strong>diverteret,</strong></span> <span class='ocrx_word' id='word_1_377' title='bbox 567 2826 765 2890; x_wconf 85' lang='lat' dir='ltr'><strong>contigit,</strong></span> <span class='ocrx_word' id='word_1_378' title='bbox 772 2837 820 2870; x_wconf 89' lang='lat' dir='ltr'><strong>ut</strong></span> <span class='ocrx_word' id='word_1_379' title='bbox 832 2821 945 2869; x_wconf 88' lang='lat' dir='ltr'><strong>sacris</strong></span> <span class='ocrx_word' id='word_1_380' title='bbox 960 2819 1159 2869; x_wconf 83' lang='lat' dir='ltr'><strong>absolutis</strong></span> <span class='ocrx_word' id='word_1_381' title='bbox 1171 2825 1338 2870; x_wconf 90' lang='lat' dir='ltr'><strong>Patrem</strong></span> <span class='ocrx_word' id='word_1_382' title='bbox 1348 2819 1402 2866; x_wconf 86' lang='lat' dir='ltr'><strong>ad</strong></span> <span class='ocrx_word' id='word_1_383' title='bbox 1410 2818 1733 2870; x_wconf 87' lang='lat' dir='ltr'><strong>celeberrimum</strong></span> 
     </span>
     <span class='ocr_line' id='line_1_40' title="bbox 96 2889 1731 2956; baseline 0 -18"><span class='ocrx_word' id='word_1_384' title='bbox 96 2905 290 2940; x_wconf 83' lang='lat' dir='ltr'><strong>montem</strong></span> <span class='ocrx_word' id='word_1_385' title='bbox 310 2900 397 2953; x_wconf 82' lang='lat' dir='ltr'><strong>Vuy</strong></span> <span class='ocrx_word' id='word_1_386' title='bbox 414 2892 634 2941; x_wconf 89' lang='lat' dir='ltr'><strong>visendum</strong></span> <span class='ocrx_word' id='word_1_387' title='bbox 651 2893 917 2941; x_wconf 86' lang='lat' dir='ltr'><strong>recreationis</strong></span> <span class='ocrx_word' id='word_1_388' title='bbox 937 2893 1068 2956; x_wconf 85' lang='lat' dir='ltr'><strong>gratia</strong></span> <span class='ocrx_word' id='word_1_389' title='bbox 1084 2890 1337 2949; x_wconf 79' lang='lat' dir='ltr'><strong>deduceret,</strong></span> <span class='ocrx_word' id='word_1_390' title='bbox 1353 2889 1731 2938; x_wconf 81' lang='lat' dir='ltr'><strong>occurruntadex-</strong></span> 
     </span>
     <span class='ocr_line' id='line_1_41' title="bbox 99 2955 1733 3025; baseline 0.001 -19"><span class='ocrx_word' id='word_1_391' title='bbox 99 2961 347 3025; x_wconf 88' lang='lat' dir='ltr'><strong>cipiendum</strong></span> <span class='ocrx_word' id='word_1_392' title='bbox 358 2961 574 3011; x_wconf 85' lang='lat' dir='ltr'><strong>Praefidem</strong></span> <span class='ocrx_word' id='word_1_393' title='bbox 591 2960 823 3010; x_wconf 72' lang='lat' dir='ltr'><strong>idololatrae</strong></span> <span class='ocrx_word' id='word_1_394' title='bbox 835 2999 847 3020; x_wconf 86' lang='lat'><strong>,</strong></span> <span class='ocrx_word' id='word_1_395' title='bbox 868 2963 976 3007; x_wconf 88' lang='lat' dir='ltr'><strong>inter</strong></span> <span class='ocrx_word' id='word_1_396' title='bbox 993 2977 1102 3024; x_wconf 89' lang='lat' dir='ltr'><strong>quos</strong></span> <span class='ocrx_word' id='word_1_397' title='bbox 1119 2961 1279 3025; x_wconf 89' lang='lat' dir='ltr'><strong>primus</strong></span> <span class='ocrx_word' id='word_1_398' title='bbox 1298 2959 1379 3007; x_wconf 87' lang='lat' dir='ltr'><strong>fuit</strong></span> <span class='ocrx_word' id='word_1_399' title='bbox 1390 2955 1598 3025; x_wconf 69' lang='lat' dir='ltr'><strong>[hangus3</strong></span> <span class='ocrx_word' id='word_1_400' title='bbox 1633 2974 1733 3007; x_wconf 85' lang='lat' dir='ltr'><strong>cum</strong></span> 
     </span>
     <span class='ocr_line' id='line_1_42' title="bbox 99 3026 1734 3098; baseline -0.001 -23"><span class='ocrx_word' id='word_1_401' title='bbox 99 3030 209 3077; x_wconf 85' lang='lat' dir='ltr'><strong>inter</strong></span> <span class='ocrx_word' id='word_1_402' title='bbox 219 3029 440 3095; x_wconf 88' lang='lat' dir='ltr'><strong>colloquia</strong></span> <span class='ocrx_word' id='word_1_403' title='bbox 456 3030 509 3077; x_wconf 93' lang='lat' dir='ltr'><strong>de</strong></span> <span class='ocrx_word' id='word_1_404' title='bbox 526 3031 621 3098; x_wconf 85' lang='lat' dir='ltr'><strong>lege</strong></span> <span class='ocrx_word' id='word_1_405' title='bbox 638 3029 875 3078; x_wconf 84' lang='lat' dir='ltr'><strong>Christiana</strong></span> <span class='ocrx_word' id='word_1_406' title='bbox 898 3026 1076 3076; x_wconf 89' lang='lat' dir='ltr'><strong>subinde</strong></span> <span class='ocrx_word' id='word_1_407' title='bbox 1096 3028 1217 3077; x_wconf 88' lang='lat' dir='ltr'><strong>fieret</strong></span> <span class='ocrx_word' id='word_1_408' title='bbox 1225 3031 1389 3076; x_wconf 88' lang='lat' dir='ltr'><strong>mentio</strong></span> <span class='ocrx_word' id='word_1_409' title='bbox 1401 3065 1414 3088; x_wconf 89' lang='lat'><strong>,</strong></span> <span class='ocrx_word' id='word_1_410' title='bbox 1431 3027 1547 3076; x_wconf 83' lang='lat' dir='ltr'>haefit</span> <span class='ocrx_word' id='word_1_411' title='bbox 1560 3028 1630 3077; x_wconf 87' lang='lat' dir='ltr'><strong>ille</strong></span> <span class='ocrx_word' id='word_1_412' title='bbox 1647 3029 1734 3094; x_wconf 84' lang='lat' dir='ltr'><strong>pri-</strong></span> 
     </span>
    </p>
   </div>
   <div class='ocr_carea' id='block_1_3' title="bbox 101 3090 1741 3233">
    <p class='ocr_par' dir='ltr' id='par_1_7' title="bbox 101 3090 1741 3233">
     <span class='ocr_line' id='line_1_43' title="bbox 101 3090 1734 3165; baseline -0.002 -20"><span class='ocrx_word' id='word_1_413' title='bbox 101 3116 219 3148; x_wconf 89' lang='lat' dir='ltr'><strong>mum</strong></span> <span class='ocrx_word' id='word_1_414' title='bbox 233 3102 449 3160; x_wconf 78' lang='lat' dir='ltr'><strong>attonitUS,</strong></span> <span class='ocrx_word' id='word_1_415' title='bbox 458 3116 563 3147; x_wconf 85' lang='lat' dir='ltr'><strong>mox</strong></span> <span class='ocrx_word' id='word_1_416' title='bbox 581 3099 714 3148; x_wconf 82' lang='lat' dir='ltr'><strong>oculis</strong></span> <span class='ocrx_word' id='word_1_417' title='bbox 724 3101 768 3148; x_wconf 90' lang='lat' dir='ltr'><strong>in</strong></span> <span class='ocrx_word' id='word_1_418' title='bbox 782 3098 1027 3165; x_wconf 57' lang='lat' dir='ltr'><strong>praefeffihu&#39;n</strong></span> <span class='ocrx_word' id='word_1_419' title='bbox 1047 3096 1200 3145; x_wconf 86' lang='lat' dir='ltr'><strong>defixis</strong></span> <span class='ocrx_word' id='word_1_420' title='bbox 1210 3136 1223 3159; x_wconf 85' lang='lat'><strong>,</strong></span> <span class='ocrx_word' id='word_1_421' title='bbox 1239 3100 1284 3146; x_wconf 91' lang='lat' dir='ltr'><strong>in</strong></span> <span class='ocrx_word' id='word_1_422' title='bbox 1294 3098 1383 3147; x_wconf 85' lang='lat' dir='ltr'><strong>haec</strong></span> <span class='ocrx_word' id='word_1_423' title='bbox 1399 3099 1586 3164; x_wconf 81' lang='lat' dir='ltr'><strong>erumpit</strong></span> <span class='ocrx_word' id='word_1_424' title='bbox 1594 3090 1734 3146; x_wconf 85' lang='lat' dir='ltr'><strong>verba.</strong></span> 
     </span>
     <span class='ocr_line' id='line_1_44' title="bbox 1073 3167 1741 3233; baseline -0.007 -18"><span class='ocrx_word' id='word_1_425' title='bbox 1073 3167 1102 3215; x_wconf 91' lang='lat' dir='ltr'><strong>h</strong></span> <span class='ocrx_word' id='word_1_426' title='bbox 1138 3185 1162 3233; x_wconf 79' lang='lat'>3</span> <span class='ocrx_word' id='word_1_427' title='bbox 1660 3167 1741 3212; x_wconf 72' lang='lat' dir='ltr'><strong>Me</strong></span> 
     </span>
    </p>
   </div>
  </div>
 </body>
</html>
