2114 3412
349 168 388 217 4
706 144 850 204 ‘Pars
864 137 1032 198 ultima
1050 128 1336 222 Legationis
1354 138 1620 197 {Batavicae

350 235 615 313 dignatione,
632 239 675 305 s
670 262 689 289 o
700 251 763 294 X
765 240 936 301 ilam,ad
947 240 1141 289 dextram
1165 244 1198 288 Υ
1194 260 1239 287 eu
1250 248 1314 291 X
1312 241 1413 288 ilam.
1453 241 1530 286 His
1542 238 1676 287 tribus
1687 236 1846 285 summa
1857 239 1901 287 in
1910 238 2006 288 aula

352 318 398 363 &
411 331 488 379 per
499 315 733 378 Imperium
742 313 939 377 potentia
954 334 966 371 3
987 310 1084 358 solis
1098 307 1226 373 Colais
1246 308 1464 356 inferiores
1480 308 1588 357 sunt.
1623 310 1798 355 Dantur
1806 322 2008 373 praeterea

352 388 396 431 in
415 399 685 447 unoquoque
694 381 1107 447 collegioinnumeri
1124 379 1334 443 majorum
1347 381 1616 427 minorumve
1635 376 1858 428 curialium
1869 377 2008 443 digni-

352 467 489 500 tatum
498 450 668 517 gradus,
680 452 903 516 Europaeis
915 450 1136 516 incogniti.

422 520 512 570 Alii
532 531 733 587 praeterea
751 519 846 569 sunt
867 519 1086 567 inferiores
1109 517 1381 585 Magistratus
1407 517 1520 579 Kicu
1534 517 1639 579 Kim
1657 514 1762 562 aulae
1783 514 2011 565 inservien-

355 604 432 652 tes,
447 590 512 638 vel
527 590 677 638 domui
691 592 844 656 Regis:
868 607 1053 654 quorum
1073 592 1231 655 primus
1251 587 1383 635 Tbaili
1404 607 1449 644 u,
1465 585 1509 632 id
1523 586 1583 634 est
1598 584 1884 644 Cancellaria,
1925 585 2013 634 five

356 659 506 708 ultima
516 662 648 708 Curia
664 659 1004 726 appellationum
1021 678 1031 704 ι
1050 677 1145 723 quae
1162 695 1174 718 ,
1192 671 1472 722 praeterquam
1484 654 1628 703 litibus
1650 657 1846 719 imponat
1855 653 1987 705 finem
2000 695 2013 717 ,

356 729 619 778 difficiliores
638 728 774 777 causas
786 728 937 776 definit
951 748 959 774 ε
974 728 1138 775 constat
1148 727 1351 774 tredecim
1369 725 1639 773 Mandorinis
1650 764 1664 786 ,
1687 723 1861 772 Praefide
1873 760 1886 783 ,
1900 723 2013 774 binis

359 797 641 846 Assessoribus
659 835 672 858 ,
705 800 750 845 &
766 796 1181 846 decemCurialibus.
1218 795 1434 844 Secundus
1455 799 1566 862 Qn
1578 800 1690 861 Iffu,
1707 792 1751 840 id
1763 792 1824 839 est
1842 792 2012 845 familiae

359 870 508 934 Regiae
518 870 802 916 Oeconomus
814 908 828 928 ,
849 867 969 926 cujus
979 867 1164 914 tribunal
1178 864 1353 913 Praeside
1362 902 1375 924 ,
1384 864 1554 912 duobus
1567 861 1845 913 Affefforibus
1855 900 1867 923 ,
1881 863 1927 910 8(
1938 864 2012 912 sex

360 937 606 985 Curialibus
617 938 823 1002 dirigitur.
853 937 974 987 Aula:
988 935 1209 985 Praefectos
1220 935 1400 983 solvit&
1418 934 1601 1000 expensa
1619 936 1908 999 Legatorum,
1935 935 2012 999 qui

360 1006 415 1052 ab
436 1008 588 1054 exteris
607 1006 800 1073 Regibus
820 1007 872 1053 ad
893 1008 1000 1055 hanc
1023 1006 1161 1054 aulam
1179 1007 1420 1054 mittuntur.
1454 1005 1627 1051 Tertius
1647 1004 1902 1068 Thaipocusu
1920 1043 1935 1065 ,
1966 1004 2013 1051 id

360 1075 423 1122 est
442 1080 706 1140 Hippocomus
725 1075 794 1123 vel
812 1079 972 1125 Comes
990 1076 1140 1124 stabuli
1154 1117 1168 1137 ,
1203 1092 1415 1140 equorum
1433 1072 1561 1132 aulae,
1577 1073 1863 1120 cursoriorum
1885 1075 1931 1121 8<
1943 1088 2012 1122 to—

361 1148 443 1192 tius
458 1149 577 1211 regni
590 1146 749 1211 praeses.

197 1218 325 1279 senat&
388 1262 391 1264 ,
430 1214 512 1260 Sed
523 1216 766 1280 supremum
776 1215 947 1280 Imperii
967 1214 1212 1263 Consilium
1234 1216 1331 1262 Colai
1348 1212 1637 1272 constituunt,
1653 1225 1841 1278 quatuor
1859 1211 1926 1260 vel
1938 1212 2011 1260 sex

195 1289 277 1319 ⁶⁰¹⁴ss
309 1331 311 1333 .
363 1301 563 1345 numero,
574 1283 729 1349 quibus
741 1283 856 1331 nulla
867 1284 1128 1349 particularis
1140 1322 1152 1344 ,
1169 1283 1240 1331 scd
1256 1284 1387 1330 totius
1398 1284 1442 1329 in
1451 1282 1694 1329 universum
1704 1284 1874 1347 Imperii
1898 1300 2013 1342 cura,

363 1370 411 1400 ac
419 1371 518 1401 cum
538 1357 797 1419 Imperatore
820 1352 913 1418 ipso
924 1353 1076 1401 secreta
1086 1351 1260 1401 consilia
1269 1354 1525 1417 participant
1539 1374 1551 1412 3
1563 1351 1678 1399 unde
1692 1354 1792 1401 colai
1809 1365 2013 1419 tanquam

363 1427 607 1486 Imperatoris
623 1425 859 1487 Coadjutores
880 1421 1172 1488 appellantur,
1190 1439 1289 1470 nam
1307 1421 1330 1468 a
1348 1419 1556 1486 praediffis
1575 1420 1647 1468 sex
1665 1421 1856 1488 collegiis
1875 1425 2014 1488 impe-

362 1494 412 1538 rii
436 1510 526 1551 *non
543 1494 717 1558 negotia
733 1528 747 1551 ,
769 1491 840 1538 sed
851 1490 1224 1558 consiliapendent
1241 1529 1257 1552 ,
1287 1492 1452 1557 quippe
1471 1489 1524 1538 ab
1535 1489 1631 1556 ipsis
1648 1507 1726 1557 per
1736 1490 1947 1558 supplices
1963 1492 2015 1540 li-

362 1560 499 1609 bellos
514 1561 774 1609 admonetur
789 1598 803 1621 ,
831 1578 878 1607 ac
894 1575 1066 1628 rogatur
1082 1563 1320 1628 Imperator
1335 1597 1347 1621 ,
1375 1562 1454 1624 qui
1471 1598 1484 1620 ,
1515 1562 1700 1627 negotiis
1714 1561 1985 1610 consideratis
1999 1600 2015 1623 ,

362 1628 489 1692 juxta
504 1633 563 1679 rei
582 1631 837 1697 qualitatem
855 1668 867 1690 ,
894 1631 1097 1680 tribunali
1124 1633 1389 1698 competenti
1405 1630 1688 1680 examinanda
1714 1632 1858 1682 mittit.
1893 1633 2015 1681 Tum

365 1700 622 1761 Affess'ores,
653 1700 807 1749 habitis
834 1704 995 1749 mutuis
1021 1700 1233 1762 consiliis,
1263 1701 1514 1750 sententiam
1540 1702 1792 1767 Imperatori
1817 1702 2014 1769 scriptam

366 1767 556 1819 offerunt
572 1809 585 1831 ,
612 1788 744 1836 quam
760 1771 831 1818 ille
850 1771 917 1819 vel
931 1784 1069 1820 mutat
1084 1808 1097 1831 ,
1123 1772 1192 1820 vel
1207 1769 1434 1819 confirmat
1448 1788 1530 1837 pro
1556 1772 1712 1824 lubitu.
1761 1773 1819 1820 Et
1833 1791 1888 1820 ne
1904 1771 2013 1838 quid

366 1840 579 1906 impingat
593 1878 605 1899 ,
634 1839 820 1888 summos
847 1841 1016 1907 aliquot
1030 1842 1162 1889 totius
1177 1843 1319 1907 Regni
1338 1840 1620 1906 Philosophos
1634 1841 1755 1908 eligit
1770 1841 1986 1904 adjutores
1997 1878 2013 1901 ,

305 1960 310 1964 ,
368 1909 413 1955 id
429 1910 490 1956 est
511 1913 650 1968 Colaos,
666 1912 740 1974 qui
753 1912 896 1975 primo
912 1910 1010 1976 post
1023 1913 1191 1976 Regem
1203 1912 1303 1958 loco
1317 1910 1411 1957 sunt
1427 1910 1603 1976 ,illique
1619 1949 1632 1970 ,
1645 1928 1745 1958 cum
1755 1911 1809 1958 de
1826 1914 2013 1977 negotiis

368 1979 508 2042 agitur
523 2016 535 2037 ,
583 1977 770 2025 affistunt
784 2016 797 2038 ,
844 1996 891 2024 ac
906 1979 1086 2027 consiliis
1101 1980 1358 2026 subveniunt
1373 2016 1385 2038 ,
1418 1980 1461 2026 hi
1483 1997 1585 2028 vero
1603 1981 1816 2045 recipiunt
1833 2018 1845 2041 ,
1868 1980 1936 2028 vel
1948 1998 2014 2030 re-

368 2046 727 2094 mittuntlibellos
750 2046 974 2112 supplices,
997 2050 1071 2112 qui
1097 2047 1293 2113 quotidie
1309 2050 1470 2113 ingenti
1502 2067 1682 2096 numero
1716 2050 2014 2116 repraesentan-

369 2130 459 2175 tur,
493 2117 538 2162 &
551 2118 625 2162 ubi
642 2119 940 2164 examinarunt
955 2155 967 2177 ,
992 2120 1241 2182 Imperatori
1255 2116 1468 2165 ostentant
1493 2123 1616 2184 (nam
1640 2119 1661 2165 ἐι
1677 2120 1849 2185 reliquis
1865 2120 2014 2186 praefe-

369 2184 444 2231 &tis
461 2188 535 2232 vix
553 2184 837 2250 conspicitur)
850 2186 873 2231 a
887 2204 978 2251 quo
994 2186 1083 2233 solo
1094 2201 1218 2247 num,
1233 2187 1299 2234 vel
1313 2185 1429 2234 mdiu
1445 2189 2015 2255 oculorumprobantur,im-

370 2257 687 2319 probanturve,
718 2270 792 2302 aut
809 2258 851 2301 in
866 2255 1120 2319 quibusdam
1130 2270 1358 2306 mutantur.
1410 2258 1530 2305 Tum
1546 2260 1783 2323 Imperator
1798 2259 1869 2306 sua
1883 2276 2014 2306 manu

369 2323 605 2389 iubsignat‚
652 2340 780 2389 atque
796 2324 864 2372 hic
882 2325 1151 2389 querelarum
1169 2329 1365 2375 omnium
1378 2327 1553 2375 ultimus
1577 2327 1673 2375 finis
1702 2346 1751 2374 ac
1779 2324 2015 2376 decretoria

369 2392 589 2440 conclusio
606 2392 678 2442 est.

206 2480 333 2526 Senatus
439 2464 545 2519 Sunt
571 2464 615 2508 8(
633 2463 711 2510 alia
727 2462 817 2510 duo
832 2463 1041 2523 Confilia,
1079 2467 1176 2513 Choli
1201 2467 1255 2512 &'
1271 2465 1412 2524 Tauli,
1443 2464 1599 2514 selestis
1628 2465 1896 2533 Philosophis
1909 2484 2015 2514 con-

207 2521 323 2592 ss'ffi&
370 2529 547 2590 stantia,
579 2533 656 2597 qui
686 2533 832 2596 saepius
865 2534 1058 2597 praeclara
1088 2534 1189 2582 fidei
1207 2573 1219 2594 ,
1252 2535 1298 2581 8<
1324 2533 1560 2600 prudentiae
1576 2550 1824 2601 argumenta
1837 2538 1949 2603 Regi
1967 2536 2015 2584 &

370 2602 558 2665 Imperio
571 2600 1006 2665 exhibuerunt,quare
1016 2622 1212 2651 numerus
1222 2603 1493 2670 sexagenario
1507 2604 1656 2666 major,
1667 2607 1712 2653 &
1728 2604 1910 2671 dignitas
1919 2605 2017 2672 ipsis

371 2672 499 2735 regia.
547 2673 715 2718 Horum
730 2708 743 2730 ,
756 2685 805 2718 ut
824 2671 1135 2736 Europaeorum
1151 2674 1432 2739 Syndicorum
1448 2710 1460 2732 ,
1474 2675 1647 2720 unicum
1676 2677 1722 2722 &
1751 2677 2016 2742 praecipuum

373 2756 525 2786 munus
537 2741 785 2804 Imperatori
803 2758 878 2805 per
887 2740 1136 2789 codicillum
1150 2741 1385 2809 significare
1396 2780 1408 2802 ‚
1420 2743 1578 2807 quae,&
1594 2756 1753 2809 quanta
1767 2781 1780 2803 ,
1794 2759 1942 2794 contra
1956 2747 2015 2794 le-

372 2826 444 2874 ges
461 2811 631 2875 Imperii
646 2813 978 2861 committantur.
1218 2828 1221 2832 ·

439 2879 580 2925 Tanta
596 2880 794 2926 eorum&
806 2879 974 2927 libertas
984 2880 1057 2940 est,
1074 2882 1118 2927 &
1134 2880 1383 2938 authoritas,
1400 2893 1449 2926 ut
1463 2897 1610 2928 omnes
1624 2883 1778 2948 reliqui
1792 2883 2015 2951 Magistra-

375 2958 440 2990 tus
455 2963 604 2993 eorum
616 2949 799 2996 'censurae
814 2947 987 3010 subsint,
1005 2952 1050 2996 Sc
1067 2949 1193 3015 ipsius
1209 2950 1476 3015 Imperatoris
1492 2967 1580 2997 non
1598 2967 1771 3016 parcant
1791 2955 2017 3013 erroribus,

374 3015 442 3061 vel
458 3031 555 3061 cum
572 3018 765 3080 periculo
782 3019 828 3065 8<
853 3016 970 3065 sensu
992 3018 1243 3067 offensionis.
1282 3021 1343 3064 Ita
1365 3016 1547 3066 liberum
1564 3020 1625 3067 est
1641 3022 1761 3082 Sinis,
1775 3023 1903 3068 etiam
1918 3025 2017 3082 Maf

375 3082 567 3149 gistratus
583 3102 629 3132 ac
644 3088 785 3154 Reges
800 3089 1017 3147 continua,
1033 3090 1078 3135 &
1094 3105 1182 3137 non
1205 3087 1429 3136 intermissa
1450 3087 1644 3138 instantia
1658 3090 1922 3157 redarguere.
1958 3092 2018 3136 Et
2072 3091 2073 3094 ’

1881 3157 2017 3206 libelli
