2114 3412
153 1704 289 1736 Nomina

151 1746 256 1791 Qinen-

153 1790 234 1819 hum.

331 146 353 191 3
366 146 398 183 2
676 125 817 182 ‘Pars
834 118 1002 179 ultima
1023 112 1307 204 Legatiom's⁹
1328 120 1591 180 Patavicae

326 228 504 272 Certant
520 238 699 287 quoque
714 223 823 268 inter
847 220 1166 269 convivandum
1191 224 1313 269 vario
1333 221 1449 281 lusu,
1476 221 1608 269 victus
1624 219 1773 269 bibere
1787 235 1983 289 tenetur,

327 291 448 357 quod
465 308 624 356 magno
638 309 661 337 c
665 303 890 338 eteiorum
900 290 1102 355 applausu
1119 295 1164 339 &
1181 291 1483 339 acclamatione
1499 290 1582 338 fit.
1611 293 1758 339 Nemo
1775 292 1880 341 ultra
1891 293 1981 360 pla-

327 364 460 408 citum
479 359 628 407 bibere
643 360 852 426 adigitur,
874 359 944 407 sed
969 359 1345 410 blandeinvitatur
1382 362 1543 407 Vinum
1557 378 1711 408 eorum
1730 361 1854 409 instar
1868 381 1985 411 cere-

328 430 436 478 vifiae
455 428 646 477 nostratis
668 432 872 495 coquitur
882 460 895 490 5
914 447 1054 495 neque
1070 429 1285 476 insalubris
1304 434 1431 494 potus
1450 428 1536 490 est,
1555 447 1605 477 ac
1619 432 1746 477 etiam
1769 432 1982 498 copiosius

330 498 498 546 haustus
508 515 657 564 parum
672 502 849 546 cerebro
863 513 1003 546 nocet.
1037 499 1156 546 Cibo
1167 499 1399 563 parcissime
1414 512 1591 546 utuntur
1601 534 1614 557 ‚
1633 501 1678 547 8<
1697 499 1802 565 saepe
1814 518 1898 548 una
1912 501 1984 551 die

328 569 505 635 septem,
516 568 582 615 vel
597 568 699 616 οᾶο
722 571 860 634 parvis
876 569 1082 615 conviviis
1100 569 1314 617 intersunt.
1356 572 1419 615 At
1442 585 1544 615 vero
1562 586 1713 634 magna
1732 571 1777 619 8<
1795 568 1984 620 solennia

328 651 421 687 tota
445 637 571 685 nocie
588 638 642 685 ad
656 656 850 686 auroram
863 655 997 702 usque
1013 637 1322 703 producuntur.
1356 636 1568 702 Reliquiae
1587 637 1782 685 ciborum
1802 640 1911 688 inter
1920 639 1989 688 faa

330 708 469 756 mulos
488 706 810 758 distribuuntur.
1577 771 1579 773 ‚

394 776 627 824 Ordinarie
655 778 892 825 admodum
915 793 1037 823 mane
1057 774 1266 841 prandent
1282 815 1296 836 ‚
1331 792 1471 841 neque
1482 776 1705 825 meridiem
1720 776 1976 843 exspectanta

327 848 465 894 Cibus
481 846 662 913 vulgaris
679 849 836 912 equina
848 849 892 893 &
906 844 1083 894 bubula.
1119 846 1293 894 Snillam
1310 846 1517 911 imprimis
1530 845 1733 894 aestimant
1742 864 1827 913 prae
1841 847 1982 894 omni-

326 917 405 963 bus
421 914 509 962 aliis
525 918 732 965 carnibus,
770 913 891 964 Plebs
913 934 966 963 ne
987 933 1010 961 a
1026 917 1259 963 morticinis
1277 916 1455 981 quidem
1473 934 1685 981 equorum
1697 954 1710 978 ,
1738 914 1950 964 afinorum
1965 951 1980 978 ,

325 1002 494 1043 canum,
508 984 702 1033 abstinet.

394 1054 569 1102 Bellaria
592 1073 648 1102 ex
671 1054 895 1102 saccharo
887 1068 996 1101 inter
1020 1053 1188 1102 delicias
1212 1053 1383 1102 habent.
1429 1054 1673 1103 Mandarini
1701 1056 1907 1104 Comicos
1933 1059 1981 1106 &

324 1121 521 1171 foeminas
538 1123 797 1183 SaltatriceS,
808 1123 922 1171 Mus
912 1141 1083 1188 cosque
1105 1126 1213 1172 intel
1227 1125 1544 1172 convivandum
1565 1124 1860 1173 delectamenti
1874 1143 1980 1193 ergo

325 1191 545 1241 adhibent.

395 1265 524 1308 Potus
541 1265 782 1310 communis
801 1262 1027 1319 cahdus,in
1042 1280 1133 1326 quo
1155 1262 1240 1309 The
1254 1260 1439 1323 ebulliit
1456 1261 1526 1312 est.
1562 1264 1726 1311 Omnia
1745 1264 1885 1324 enim,
1894 1263 1980 1311 five

325 1348 480 1395 aquam
504 1330 589 1379 sive
605 1333 775 1392 vinum,
796 1331 931 1379 calida
956 1329 1188 1378 loibillant.
1238 1332 1306 1376 Ex
1323 1349 1400 1396 or)
1410 1347 1459 1378 za
1479 1334 1626 1379 vinum
1651 1348 1858 1398 coquunt
1896 1324 1980 1382 Sed

323 1401 487 1465 reliqua
497 1414 685 1466 potuum
708 1418 862 1467 genera
880 1397 965 1462 [lm
982 1400 1161 1464 superat.
1208 1399 1425 1464 Pugillum
1444 1399 1583 1448 herbae
1611 1398 1697 1464 [ha
1716 1419 1835 1466 aquae
1859 1405 1980 1451 inco*

322 1484 484 1534 quunt,
503 1469 655 1516 additis
672 1484 858 1535 quatuor
874 1467 986 1516 laetis
1001 1468 1134 1516 dulcis
1157 1469 1347 1533 partibus
1363 1487 1462 1517 cum
1479 1487 1613 1536 grano
1631 1470 1734 1518 salis
1771 1469 1910 1535 Hujus
1929 1472 1981 1520 li-

321 1540 468 1605 quoris
494 1538 632 1587 calide
643 1541 739 1605 poti
755 1537 962 1603 majorem
973 1576 986 1599 ,
996 1556 1125 1605 quam
1136 1537 1286 1603 lapidis
1299 1532 1887 1605 Philosophorum‚virtutem
1896 1542 1980 1592 effe

320 1609 516 1658 credunt.

389 1681 668 1746 Cognomina
676 1682 850 1746 antiqua
860 1678 1032 1740 habent,
1044 1697 1139 1746 quae
1148 1696 1371 1745 nunqnam
1379 1692 1611 1728 mutantur,
1646 1683 1894 1730 Praenomen
1905 1696 1976 1733 va·

321 1752 432 1797 rium
454 1749 687 1810 affumunt,
711 1750 833 1815 quod
850 1753 981 1798 unico
999 1749 1233 1798 chara&ere
1247 1751 1293 1797 8<
1310 1767 1419 1797 voce
1433 1751 1701 1815 exprimitur.
1738 1752 1860 1797 Pater
1868 1767 1978 1816 prae-

319 1837 481 1869 nomen
497 1817 620 1866 filiis
612 1820 831 1885 lmponit:
865 1838 964 1868 nam
978 1819 1167 1868 foeminae
1181 1819 1296 1885 apud
1318 1820 1433 1866 Sinas
1453 1818 1702 1867 nominibus
1712 1830 1878 1880 carent,
1903 1818 1978 1869 sed

321 1888 414 1935 solo
433 1891 560 1953 patris
575 1891 911 1954 cognomine‚&
931 1879 1082 1937 ordine
1098 1887 1632 1954 nalcendidistinguuntur
1669 1881 1757 1936 Soli
1769 1858 1978 1953 pare'ntes,

320 1959 368 2004 &
393 1975 573 2017 mumes
594 1975 649 2003 eo
664 1960 927 2034 praenomine
961 1957 1121 2005 liberos
1138 1957 1234 2004 suos
1267 1956 1471 2004 masculos
1495 1957 1740 2023 appellant3
1775 1957 1845 2004 alii
1871 1974 1976 2006 vero

319 2042 605 2084 eosnumero5
616 2036 665 2072 ut
675 2028 761 2072 nati
779 2027 874 2073 sunt
886 2024 1196 2103 ,distinguunt
1233 2024 1316 2090 Ipsi
1327 2025 1389 2072 se
1381 2043 1423 2072 m
1440 2024 1519 2071 suis
1532 2025 1692 2091 scriptis
1710 2029 1976 2088 eonomine,

319 2094 441 2161 quod
457 2113 480 2141 a
497 2108 670 2160 parente
681 2093 756 2141 suo
767 2108 1044 2161 acceperunt,
1053 2096 1299 2142 nominant:
1320 2093 1409 2141 aliis
1419 2094 1502 2142 hoc
1520 2094 1741 2154 illicitum,
1758 2097 1804 2144 &
1823 2094 1854 2143 fi
1871 2095 1972 2158 fiat3

319 2164 490 2212 incivile
505 2183 552 2211 ac
567 2162 855 2229 opprobrium
870 2163 1059 2212 habetur.

384 2236 502 2281 Cum
513 2235 700 2299 primum
720 2233 922 2280 scholam
932 2230 1429 2298 frequentant,Magistcr
1444 2231 1656 2297 peculiare
1665 2251 1826 2281 nomen
1839 2233 1975 2283 Scho-

318 2303 524 2362 lasticnm,
533 2320 625 2367 quo
635 2320 656 2348 a
672 2301 971 2368 condiscipulis
984 2340 997 2361 ,
1013 2304 1058 2350 &
1069 2316 1332 2367 praeceptore
1343 2300 1610 2367 appellantur
1622 2341 1637 2362 ,
1657 2303 1753 2368 ipsis
1771 2303 1971 2367 imponit.

319 2372 401 2421 Sed
417 2370 490 2419 ubi
503 2371 666 2436 pileum
680 2371 844 2419 virilem
859 2370 1121 2436 sumpsit,aut
1135 2388 1319 2418 uxorem
1334 2369 1500 2429 duxit,a
1514 2371 1706 2436 quodam
1716 2373 1972 2437 Magnarum

316 2441 584 2489 honoratiori
598 2444 792 2500 nomine,
804 2441 928 2504 quod
944 2441 1108 2488 literam
1124 2454 1280 2488 vocant
1290 2479 1305 2499 2
1318 2439 1542 2502 decoratur
1550 2476 1564 2499 ‚
1578 2458 1669 2505 quo
1679 2441 1859 2505 quisque
1870 2458 1970 2490 eum

317 2502 598 2576 imposterum
607 2509 864 2575 compellare
879 2507 1019 2575 potest
1029 2546 1041 2569 ‚
1063 2511 1253 2574 exceptis
1270 2507 1437 2574 famulis
1447 2546 1459 2568 ,
1469 2509 1514 2556 8(
1524 2511 1599 2574 qui
1611 2511 1649 2556 ei
1667 2507 1841 2570 subjeffi
1858 2509 1977 2561 sunts

317 2578 407 2627 Ubi
435 2579 488 2626 ad
518 2579 682 2626 virilem
699 2593 865 2627 aetatem
887 2580 1105 2643 pervenit,-
1124 2595 1147 2623 a
1164 2577 1356 2643 quodam
1369 2580 1575 2656 primariae
1591 2576 1854 2625 authoritatis
1874 2581 1970 2628 viro

317 2665 478 2696 nomen
496 2646 572 2695 ms
561 2663 680 2714 gne
688 2646 809 2712 quod
825 2667 997 2713 magnum
1015 2667 1143 2696 nomen
1162 2661 1340 2711 vocant,
1371 2648 1548 2712 accipit,
1579 2664 1671 2711 quo
1681 2664 1862 2713 quisque
1881 2647 1969 2696 sine

315 2717 558 2767 dilcrimine
573 2735 673 2765 eum
691 2692 948 2781 compellare
964 2717 1212 2781 praesentem
1228 2709 1495 2764 absentemve
1505 2714 1668 2781 potest:
1694 2714 1763 2763 sed
1772 2731 1973 2782 parentes

316 2787 431 2834 haud
448 2787 525 2835 tali
536 2787 576 2835 le
595 2787 816 2853 dignantes
832 2785 1139 2851 honoreprioii
1155 2786 1357 2846 nomine,
1382 2802 1512 2850 quem
1530 2786 1676 2834 literzm
1697 2802 1838 2832 vocari
1827 2786 1966 2834 dixi-

315 2873 424 2915 mus,
440 2870 631 2904 utuntur.

383 2895 425 2970 Si
444 2928 537 2989 quis
563 2942 720 2972 novam
745 2924 983 2990 Religionis
1001 2923 1152 2971 seciam
1171 2915 1390 2986 suscipiat,
1436 2940 1459 2968 a
1479 2922 1674 2970 Do&ore
1688 2921 1780 2985 ejus
1800 2941 1964 2971 novum

316 3008 495 3057 quoque
514 3011 674 3042 nomen
690 2995 865 3059 accipit,
883 2993 1003 3058 quod
1027 2994 1230 3059 religiosum
1247 3004 1413 3037 vocant
1448 2993 1504 3037 Et
1522 2990 1595 3038 ubi
1615 2991 1780 3039 visitant
1796 2986 1922 3050 alios,
1940 3009 1964 3039 a

316 3059 483 3110 visitato
496 3100 509 3122 ,
529 3066 713 3127 quodnam
733 3081 860 3111 nomen
882 3082 1003 3110 eorum
1021 3060 1378 3129 praestantiffimusn,
1403 3059 1730 3127 inte1··.1ogantur
1763 3059 1893 3109 Unde
1914 3060 1962 3107 &

1828 3123 1961 3174 Patri-
