2114 3412
332 1474 532 1524 aestivisac
544 1469 796 1521 durioribus.
830 1470 1021 1518 Tantam
1039 1471 1178 1536 operis
1199 1470 1483 1518 mutationem
1493 1467 1642 1530 affert,
1659 1468 1727 1518 vel
1737 1469 1822 1520 sola
1831 1470 1915 1520 cibi
1930 1491 2000 1522 va·-

329 1547 451 1593 rietas
471 1547 515 1592 in
534 1541 798 1591 subtiliffimis
807 1538 884 1602 illis
892 1538 1169 1595 animalculis,
1190 1559 1285 1606 quae
1308 1538 1531 1588 holoserici
1548 1538 1719 1590 stamina
1738 1554 1853 1591 tanta
1872 1544 2000 1608 copia

327 1614 588 1680 producunt,
597 1627 643 1661 ut
653 1630 708 1660 ex
718 1609 808 1658 solo
819 1628 968 1658 eorum
980 1609 1137 1677 quaestu
1150 1610 1330 1659 delicate
1341 1623 1501 1676 queant
1510 1610 1851 1676 vivere,quorum
1865 1611 2002 1661 abun-

329 1685 472 1732 dantia
492 1681 641 1750 procul
661 1681 798 1729 dubio
822 1681 978 1728 horum
1001 1682 1203 1730 vitiorum
1228 1679 1348 1729 causa
1358 1680 1454 1729 fuit.
1481 1679 1631 1729 Noctu
1641 1680 1709 1729 hic
1719 1681 2000 1742 morantibuS,

328 1754 576 1801 incendium
590 1755 632 1800 in
643 1750 887 1800 Mandarini
903 1749 1154 1815 Kantonetfis
1168 1749 1314 1819 Jonka
1325 1749 1568 1811 fortuitum,
1580 1750 1893 1799 accurrentibus
1902 1753 2003 1800 civi-

328 1822 406 1870 bus
425 1824 601 1888 pariter,
621 1841 668 1870 ac
689 1819 913 1880 militibus,
933 1822 1007 1886 qui
1026 1818 1211 1886 praesidia
1230 1823 1275 1867 in
1296 1818 1486 1869 Castello
1510 1819 1693 1887 agebant
1708 1820 1824 1868 velut
1839 1835 2005 1881 contra,

329 1892 561 1957 praedones,
573 1894 646 1957 qui
658 1891 717 1938 ibi
728 1889 971 1955 frequentes
992 1909 1047 1938 ex
1070 1891 1214 1937 vicino
1226 1888 1416 1938 Castello
1427 1891 1613 1938 Tartaris
1628 1889 1742 1937 haud
1762 1888 1902 1938 levem
1921 1904 2004 1938 tre-

325 1960 589 2027 pidationem
614 1959 759 2022 injecit
776 1981 789 2018 3
812 1958 883 2006 sed
904 1977 1010 2016 mox
1029 1960 1200 2007 flamma
1221 1960 1357 2007 uvidis
1378 1958 1633 2008 vestimentis
1649 1956 1812 2025 aliaque
1830 1961 2004 2008 materia

328 2030 537 2096 oppressa,
553 2027 726 2076 desedit.
1042 2079 1044 2082 v

168 2120 192 2151 3.
208 2110 279 2153 Julii
402 2100 553 2146 Tertia
569 2097 671 2166 Julii
692 2095 919 2162 septimum
942 2097 1139 2144 Civitatis
1159 2095 1320 2145 Hokien
1346 2097 1583 2162 Oppidum
1602 2097 1761 2145 dextrae
1783 2097 1869 2146 five
1890 2097 2003 2147 laevae

145 2154 215 2229 {2³}
227 2165 247 2225 ξ
260 2163 311 2226 ζῑ,
334 2172 427 2216 Guet'
439 2170 537 2233 ripae
549 2165 793 2233 impositum
807 2167 1090 2232 quadraginta
1104 2167 1136 2228 ly
1148 2168 1327 2232 szglone
1338 2165 1489 2214 distans
1500 2203 1512 2226 ,
1530 2170 1556 2214 S
1569 2169 1641 2215 IN
1654 2168 1695 2214 K
1707 2169 1748 2214 C
1763 2171 1782 2215 Ι
1795 2171 1834 2216 Ε
1846 2167 2002 2225 N,five

145 2243 271 2279 tingunt.
331 2239 355 2284 a
366 2235 616 2303 quibusdam
628 2253 703 2302 per
713 2234 927 2284 literarum
942 2235 1278 2282 contractionem
1293 2238 1630 2302 Cing,attigimu3.
1672 2237 1907 2302 Oppidum
1919 2237 2003 2285 hoc

332 2306 497 2354 ambitu
517 2308 745 2373 exiguum,
761 2305 833 2353 sed
855 2303 1022 2372 populo
1040 2305 1389 2371 commerciisque
1410 2323 1549 2373 grave.
1584 2306 1783 2354 AEdificia
1801 2321 1923 2353 extus
1941 2308 2004 2353 in-

331 2391 479 2440 traque
496 2375 647 2422 urbem
669 2374 844 2439 priscam
864 2376 955 2439 ejus
974 2374 1232 2422 testabantur
1248 2374 1508 2424 felicitatem.
1541 2377 1688 2441 Regio
1700 2376 1850 2440 pingui
1862 2374 2004 2442 gleba,

331 2446 448 2493 unde
459 2443 658 2492 arborum
678 2444 867 2511 fizgetum
887 2443 1192 2510 fructuumque
1213 2443 1320 2492 uber
1336 2458 1579 2511 proventus.
1614 2447 1778 2510 Magna
1789 2459 2004 2494 armento-

333 2532 427 2561 rum
451 2515 654 2580 imprimis
673 2516 823 2561 ovium
840 2532 889 2562 ac
906 2531 1125 2579 caprarum
1142 2516 1337 2579 copia‚&
1349 2516 1425 2562 rivi
1439 2512 1586 2580 piscosi
1601 2535 1614 2572 3
1637 2515 1847 2578 praecipua
1857 2528 2002 2562 tamen

332 2581 746 2650 cancrorumgloria.
785 2585 888 2631 Rari
910 2582 1006 2631 alias
1027 2596 1123 2631 toto
1146 2584 1279 2632 tra&u
1300 2584 1451 2633 Hokietz
1468 2603 1504 2642 1,
1520 2585 1589 2630 cui
1609 2582 1744 2629 subest
1767 2584 2005 2648 Oppidum

338 2655 441 2718 (ing,
451 2665 618 2700 montes
631 2674 644 2712 3
661 2650 730 2699 sed
742 2652 811 2699 hic
821 2651 912 2700 satis
923 2651 1008 2711 alti,
1019 2670 1126 2718 quos
1136 2655 1245 2701 inter
1255 2655 1277 2700 a
1294 2652 1531 2701 Sinenslbus
1540 2655 1581 2698 Si
1590 2650 1823 2700 celebratur
1835 2652 2005 2718 pastori-

336 2721 414 2779 bus
431 2723 586 2786 pariter
603 2720 878 2788 agricolisque
888 2721 942 2769 ab
953 2721 1102 2788 pascua
1113 2721 1353 2787 fertilesque
1363 2739 1535 2787 campos
1554 2720 1775 2770 habitatus.
1808 2721 2006 2769 Nascitur

336 2797 381 2841 in
406 2798 466 2844 his
488 2796 630 2863 planta
653 2797 841 2859 AEolica,
860 2798 944 2848 five
969 2799 1099 2847 herba
1134 2788 1481 2859 &wamma
1510 2815 1629 2862 aeque
1655 2816 1702 2845 ac
1724 2801 1768 2845 in
1784 2800 2006 2845 Provincia

344 2868 560 2931 thng,
570 2866 710 2935 Chifirgg
731 2868 862 2929 di&a‚
881 2867 996 2934 quasi
1009 2884 1235 2917 ventorum
1248 2868 1422 2916 herbam
1434 2867 1543 2914 dicas
1558 2905 1571 2925 ‚
1590 2885 1644 2914 ex
1655 2869 1722 2932 cuj
1729 2886 1774 2914 us
1785 2865 2007 2935 geniculo-

341 2950 432 2979 rum
445 2933 682 2998 pluralitate
692 2974 706 2995 ,
725 2936 791 2985 vel
803 2940 1014 3003 paucitate
1027 2955 1116 2987 non
1126 2938 1260 2985 modo
1271 2950 1407 2984 nautae
1417 2950 1644 2984 ventorum
1654 2940 1824 3001 copiam
1837 2953 2007 2996 ‚verum

342 3003 469 3049 etiam
481 3020 535 3049 ex
549 3006 763 3054 nodorum
783 3007 806 3054 a
828 3008 970 3055 radice
989 3006 1182 3055 distantia
1196 3040 1210 3061 ‚
1230 3023 1320 3072 quo
1334 3005 1475 3053 mense
1492 3005 1756 3072 tempestates
1775 3008 2005 3070 inceptura:

283 3088 285 3091 ’
341 3069 431 3130 flur,
441 3073 664 3136 praedicere
675 3076 791 3138 posse
802 3113 816 3135 ,
837 3094 944 3125 vana
954 3075 1244 3142 superstitione
1256 3074 1521 3140 praesumunt.
1561 3078 1668 3125 Sunt
1681 3088 1877 3142 praeterea
1892 3075 1936 3120 in
1947 3075 2009 3120 his

1850 3157 2005 3189 monti-
