2083 3422
300 127 372 174 66
683 107 994 189 ‘Parrprima
1014 102 1294 190 Legationis
1315 107 1578 165 Batavicae

301 222 410 268 niter
432 213 646 282 suspensis,
667 216 713 262 &
734 211 974 260 amoenibus
993 211 1170 260 vallibus
1189 210 1257 259 sua
1281 211 1567 259 delectatione
1589 228 1677 258 non
1699 225 1834 261 caret.
1872 214 1973 263 Sole

297 290 388 353 jam
400 290 442 334 in
458 279 672 334 Occasum
685 297 894 351 vergente
905 320 919 341 ‚
944 301 994 330 ea
1003 283 1146 330 adhuc
1158 282 1229 328 die
1246 279 1446 328 festinatis
1457 280 1675 328 itineribus
1686 281 1837 329 urbem
1853 283 1974 333 Nan-

287 377 369 424 gan
382 394 394 416 ,
414 373 509 421 quae
522 354 687 402 decima
699 355 822 401 tertia
834 350 1096 417 Metropolis
1106 351 1264 399 o&avae
1273 353 1457 418 regionis
1476 352 1658 417 Kiangsi,
1677 353 1902 419 attigimus.

368 426 535 474 O&ava
560 425 783 472 Provincia
803 423 977 487 Imperii
996 423 1124 468 Sinici
1146 423 1309 486 Kiangsi
1331 420 1384 467 ad
1408 423 1571 477 Ortum
1592 419 1804 469 clauditur
1828 423 1851 469 a
1875 418 1972 485 [laea

297 496 431 562 hang,
461 495 515 542 ad
528 492 857 560 Notapeliotem
877 494 899 539 a
920 493 1056 542 Foltien
1075 508 1085 534 .·
1120 490 1173 538 ad
1197 489 1402 538 Austrum
1417 493 1617 556 ,antng
1635 505 1824 539 extrema
1843 494 1972 540 attin-

297 566 629 632 git,Occiduam
643 577 804 630 partem
824 565 884 610 H
882 580 1027 626 uquang
1038 596 1050 619 ,
1076 559 1295 608 Borealem
1312 560 1500 625 Ntznltiig
1516 559 1600 606 sive
1613 561 1812 627 Kiangnan
1824 562 1972 610 ambit}

297 633 493 683 Australe
503 633 609 682 latus
620 647 787 680 montes
804 631 983 679 altissimi
1006 631 1164 696 Kiangsi
1175 667 1186 689 ,
1204 633 1405 696 Qanttmg
1419 632 1463 677 8<
1476 632 1612 680 Foltien
1623 634 1784 678 coeunt
1795 667 1807 690 ,
1824 633 1868 678 in
1881 636 1973 698 qui-

297 704 376 752 bus
387 705 462 752 seri
474 702 622 750 incolae
631 722 687 751 ex
699 702 838 768 praeda
848 703 1062 760 viventes,
1080 703 1124 761 8(
1137 698 1242 747 nulli
1252 697 1434 746 obnoxii
1456 718 1466 745 ε
1502 699 1778 747 Metallorum
1797 703 1902 756 auri,
1913 720 1973 749 ar—

298 777 432 837 genti,
451 772 778 839 plumbi,stanni
793 810 803 830 ,
817 772 914 820 ferri
927 772 1072 829 ferax,
1096 768 1290 834 undique
1302 770 1344 815 in
1356 768 1508 816 orbem
1518 770 1737 818 montibus
1748 771 1883 820 ςίηᾶα
1895 809 1907 832 ,
1924 774 1972 821 8<

295 828 446 890 crebris
456 845 609 911 irrigua
621 841 881 890 fluminibus.
920 840 1116 898 Piscium,
1129 839 1443 904 hominumque
1454 840 1659 905 imprimis
1666 839 1836 905 copiosa
1839 875 1853 896 ,
1865 860 1974 906 quo-

229 965 235 977 <.
294 931 387 960 rum
400 912 717 960 multitudinem
731 913 802 959 vix
813 912 935 978 regio
944 911 1037 959 fert.
1073 909 1206 960 Unde
1219 907 1280 955 ob
1294 907 1610 957 faecunditatem
1624 914 1760 959 Mures
1769 925 1860 958 tota
1874 913 1973 960 Sina

293 997 512 1031 vocantur.
549 987 607 1031 Et
625 983 725 1047 quia
747 995 910 1029 tantam
933 980 1162 1027 hominum
1180 981 1433 1045 progeniem
1455 993 1561 1027 terra
1580 978 1689 1027 alere
1708 998 1797 1026 non
1819 981 1975 1046 potest,

293 1066 383 1099 tota
397 1055 493 1100 Sina
504 1051 687 1119 despeffi
698 1049 848 1098 vilibus
858 1049 1258 1116 opificiis,sartoriae,
1268 1048 1444 1107 sutoriae,
1458 1047 1529 1095 alit
1537 1048 1610 1095 ubi
1624 1049 1881 1098 incumbunt
1891 1090 1904 1110 ,
1926 1053 1974 1100 8<

291 1121 504 1189 [ortilegia
515 1140 591 1188 per
600 1122 794 1189 Magicas
805 1134 910 1168 artes
920 1134 1135 1167 exercent.
1169 1121 1354 1187 Ingenio
1365 1117 1528 1178 subtili,
1546 1121 1591 1166 8<
1613 1119 1897 1167 dodirinarum
1921 1139 1974 1167 o-

291 1194 458 1239 mnium
476 1210 613 1258 capax
633 1190 687 1239 ad
707 1190 886 1239 summas
905 1189 1132 1256 dignitates
1151 1204 1390 1257 emergunt.
1422 1188 1862 1257 Transmigrationem
1883 1193 1975 1238 ani-

294 1279 459 1308 marum
476 1263 670 1310 credunt.
705 1260 839 1311 Unde
860 1257 1039 1307 mortale
1060 1260 1175 1326 apud
1196 1277 1267 1307 eos
1284 1261 1629 1325 peccatum2viva
1642 1259 1837 1306 animalia
1849 1263 1974 1308 truci-

294 1331 407 1390 dare,
419 1330 487 1379 vel
499 1331 682 1379 occisum
694 1330 938 1377 comedere.
967 1328 1238 1394 Metropoles
1257 1328 1352 1377 sunt
1374 1329 1578 1377 tredecim
1592 1365 1603 1387 ,
1622 1328 1745 1376 urbes
1762 1329 1975 1396 sexaginta

293 1398 474 1466 septem·
508 1403 755 1469 Regionem
778 1399 964 1447 mediam
985 1399 1139 1446 fluvius
1152 1401 1226 1446 Can
1247 1400 1418 1447 assorea
1430 1401 1474 1445 in
1486 1398 1690 1446 Austrum
1700 1397 1832 1460 secat,
1850 1401 1976 1448 undi-

293 1488 379 1535 que
391 1474 508 1536 aquis
519 1474 718 1540 irriguam
731 1489 741 1516 t
754 1469 870 1517 unde
881 1482 972 1516 tota
985 1469 1131 1535 paffim
1145 1468 1407 1537 navigabilis.

361 1543 407 1587 N
423 1559 447 1586 A
462 1560 490 1587 N
501 1559 526 1587 c
538 1559 565 1587 H
583 1559 604 1587 A
620 1558 684 1586 NG
705 1541 840 1606 prima
854 1540 1087 1587 Provinciae
1096 1537 1380 1604 Metropolis,
1399 1537 1510 1601 jacet
1522 1539 1577 1586 ad
1592 1536 1784 1586 Australe
1797 1540 1970 1586 initium

290 1610 716 1677 magnilacusPoyang
727 1613 770 1657 in
784 1607 939 1668 insula,
955 1627 1085 1671 quam
1107 1606 1270 1656 flumen
1286 1604 1372 1670 Can
1384 1609 1538 1668 efficit,
1565 1607 1685 1673 quod
1707 1608 1821 1656 urbis
1834 1612 1975 1657 Occa-
2047 1662 2050 1664 v

288 1678 380 1727 sum
394 1680 709 1745 praeterlabitur.
745 1681 789 1726 N
795 1677 1076 1744 otapeliotem
1089 1680 1269 1727 civitatis
1279 1678 1439 1727 claudit
1459 1677 1570 1726 lacus
1581 1678 1697 1743 Ttmg
1706 1715 1718 1737 ,
1736 1677 1790 1726 ab
1800 1680 1974 1744 optimis

288 1748 470 1815 piscibus
481 1789 494 1810 ,
512 1752 557 1798 8(
570 1748 855 1815 limpidiffima
868 1765 979 1813 aqua
990 1750 1330 1797 commendatus.
1367 1749 1546 1814 Septem
1565 1748 1758 1814 oppidis
1776 1750 1974 1814 imperat,

293 1819 527 1886 Nancthg,
539 1820 769 1885 Fungching‚
784 1819 943 1872 Cinhien,
957 1820 1138 1885 Fuszgsin,
1148 1821 1328 1885 Cincggan,
1339 1818 1466 1885 Ning.

358 1889 385 1955 J
397 1908 419 1934 A
431 1907 488 1933 oc
497 1907 522 1933 n
531 1906 584 1933 Eu
603 1888 785 1936 secunda
794 1889 1024 1935 Provinciae
1037 1888 1297 1954 Metropolis
1310 1925 1322 1947 ,
1340 1890 1383 1934 in
1398 1886 1564 1934 Boreali
1575 1889 1665 1951 ripa
1678 1888 1735 1932 Po
1747 1886 1867 1934 fluvii
1880 1884 1973 1950 pul-

290 1957 395 2004 chro
406 1955 575 2023 aspeEiu
585 1976 741 2006 amaena
749 1958 864 2021 jacet
875 1960 921 2006 8<
931 1958 1068 2005 versus
1078 1960 1311 2006 Orientem
1324 1955 1468 2005 Solem
1480 1970 1630 2003 monte
1645 1959 1710 2003 M
1703 1964 1777 2003 acie
1789 1992 1800 2015 ,
1820 1974 1875 2004 ex
1887 1954 1974 2002 lau-

287 2026 504 2075 datissimis
517 2028 670 2075 ordine
687 2025 1043 2094 quinquagesimo
1063 2026 1275 2081 secundo,
1295 2025 1505 2075 clauditur
1530 2046 1540 2072 :
1576 2029 1695 2073 Lacu
1713 2023 1833 2091 supra
1855 2024 1974 2073 dieto
2016 2053 2023 2065 >

289 2098 441 2161 Poyang
460 2094 544 2144 sive
564 2098 696 2163 Penglz'
715 2097 805 2160 ejus
818 2098 1076 2144 territorium
1087 2096 1358 2144 subintrante.
1397 2099 1572 2161 Septem
1582 2095 1828 2143 moderatur
1838 2093 1975 2154 urbes,

292 2167 461 2224 Jaocheu
471 2202 483 2224 ,
507 2167 648 2227 Yultan,
661 2167 826 2233 Lopt'ng,
836 2166 1036 2233 Feuleaszg,
1050 2166 1210 2233 Tehing,
1222 2170 1372 2233 Gangin
1384 2203 1397 2226 ,
1408 2169 1453 2215 8<
1463 2165 1638 2214 Vanm'en.

359 2240 444 2291 Q
459 2253 481 2280 A
493 2253 521 2280 N
533 2253 603 2281 GSI
616 2254 643 2282 N
671 2237 793 2284 tertia
819 2237 1048 2284 Provincia:
1071 2235 1332 2303 Metropolis
1350 2273 1363 2296 ,
1388 2235 1513 2287 densa
1532 2234 1823 2283 altiffimorum
1842 2251 1971 2280 mon-

290 2305 398 2352 tium
410 2341 422 2364 ,
443 2307 467 2352 e
478 2304 631 2370 quibus
641 2309 746 2372 Ling
757 2308 991 2372 praecipuus
1004 2345 1016 2366 ,
1029 2306 1130 2355 serie
1141 2309 1185 2354 in
1196 2306 1348 2354 orbem
1360 2308 1544 2373 cingitur
1554 2343 1566 2366 ,
1585 2324 1640 2353 ex
1651 2303 1805 2370 quibus
1815 2303 1868 2351 ad
1883 2308 1972 2352 Or-

291 2386 383 2421 tum
396 2375 510 2422 urbis
520 2382 586 2425 X
585 2380 712 2442 angiao
725 2376 879 2423 fluvius
889 2373 1068 2434 scaturit,
1079 2378 1153 2442 qui
1166 2375 1386 2424 Borealem
1399 2376 1524 2441 hujus
1536 2372 1794 2439 Metropolis
1805 2386 1972 2438 partem

290 2445 549 2507 praeterfluit.
587 2445 676 2493 Sub
687 2444 727 2492 se
738 2445 868 2493 habet
879 2447 1067 2494 civitates
1077 2446 1238 2513 septem
1250 2482 1262 2505 ,
1315 2450 1480 2511 uangsin,
1490 2449 1642 2504 Joxan,
1652 2447 1813 2508 Jeyang,
1826 2444 1973 2508 quki,

290 2515 461 2570 Jenxan,
474 2514 677 2581 Jnngfitng
690 2549 704 2569 ,
728 2516 775 2562 8<
791 2517 853 2562 H
849 2518 997 2581 inggan.

360 2585 407 2630 N
419 2601 440 2627 A
451 2599 479 2627 N
489 2601 516 2628 G
527 2604 553 2630 K
562 2603 585 2630 A
596 2601 624 2629 N
636 2600 663 2627 G
684 2597 834 2649 quarta
848 2585 1079 2632 Provinciae
1089 2585 1350 2652 Metropolis
1359 2619 1371 2639 ‚
1382 2585 1502 2645 cujus
1511 2580 1828 2648 Barrolybicum
1846 2599 1971 2628 mons
2031 2593 2033 2597 ’

291 2653 493 2719 ,ngliffi
504 2652 855 2701 anachoretarum
866 2655 992 2719 copia
1002 2652 1191 2715 illustri83
1212 2654 1427 2704 Occasum
1447 2653 1543 2700 fons
1562 2654 1660 2699 Lien
1676 2688 1688 2711 ,
1709 2649 1829 2711 cujus
1842 2650 1972 2698 scatu-

292 2722 386 2783 rigo
404 2721 586 2789 eleganti
608 2723 634 2769 s
623 2722 846 2789 peRaculo
867 2738 1089 2790 argenteos
1112 2724 1276 2773 colores
1305 2724 1565 2772 intuentium
1596 2719 1728 2768 oculis
1758 2719 1873 2786 lapsu
1895 2719 1972 2767 suo

293 2787 421 2836 offert
435 2813 447 2849 3
472 2795 517 2838 N
520 2792 801 2858 otapeliotem
816 2795 907 2859 ripa
917 2792 1027 2840 lacus
1038 2795 1187 2861 Poyang
1199 2791 1490 2843 Occidentalis
1500 2790 1684 2855 respicit,
1698 2792 1770 2856 qui
1784 2790 1972 2837 mediam

292 2859 512 2924 regionem
528 2861 756 2913 intersecat.
791 2867 993 2920 Qatuor
1003 2866 1111 2930 regit
1121 2864 1245 2912 urbes
1254 2897 1268 2919 ,
1290 2864 1525 2929 Nangltargg,
1535 2860 1972 2926 Ucchang,Kienchang,

294 2927 340 2974 8<
375 2932 492 2992 Gany.

362 2997 406 3042 K
421 3015 434 3042 1
447 3015 472 3042 E
484 3016 514 3044 u
528 3015 555 3044 K
571 3017 585 3045 1
600 3017 626 3046 A
639 3019 666 3046 N
679 3018 705 3046 o
726 3004 878 3068 quinta
901 3005 1132 3051 Provinciae
1153 3000 1414 3069 Metropolis
1429 3038 1442 3061 ,
1465 2999 1584 3065 cujus
1599 3001 1760 3049 moenia
1772 2996 1972 3047 Australis

296 3065 416 3114 fluvii
451 3065 586 3133 Kiang
619 3087 696 3119 ora
728 3070 846 3121 alluit
874 3073 920 3119 in
955 3072 1047 3139 ipso
1072 3071 1183 3122 lacus
1207 3074 1359 3140 quang
1376 3071 1484 3120 ostio
1504 3105 1518 3128 ,
1553 3070 1653 3119 hinc
1672 3088 1755 3137 qua
1778 3070 1972 3185 Bogrcegrb

1933 3153 1971 3182 s-
