2050 3412
214 481 218 482 ⁷
257 439 301 468 re
321 419 481 491 infe-&ap
493 418 712 481 redibant,
736 419 948 488 plerisque
970 424 1070 470 Guei
1077 435 1215 485 partes
1230 418 1482 468 sperantibus
1501 421 1547 468 &
1569 420 1625 467 ab
1636 437 1692 467 eo
1702 419 1755 471 ad
1770 420 1912 488 digni-
1958 462 1963 467 .

255 139 273 175 1
289 137 309 186 ς
324 126 355 171 6
602 115 745 172 Pars
760 110 926 170 ultima
948 99 1232 195 Legatioizis
1254 111 1516 170 Datavicae

255 214 485 278 complices
506 225 604 259 toto
620 213 809 277 Imperio
824 212 876 260 ad
889 225 1073 260 mortem
1091 209 1334 276 conquisiti,
1345 208 1528 258 successu
1542 222 1631 258 tam
1642 211 1910 278 improspere

257 298 304 330 ut
320 281 473 347 reliqui
488 281 722 329 latronibus
744 281 962 344 conjunffl
983 280 1239 343 juraverunt.
1276 282 1328 327 Se
1345 293 1529 329 mortem
1547 294 1615 328 tot
1624 280 1911 351 praestantium

257 351 553 417 personarum,
571 349 747 401 ulturos.
783 353 896 399 Hinc
913 353 1059 401 Duces
1081 367 1181 397 eum
1191 348 1447 398 exercitibus
1465 356 1613 399 c'ontra
1633 349 1913 412 hostesm‘issi,

260 505 365 539 tates
414 506 604 539 romotis.

328 508 642 626 Liiimgquacui
653 562 799 607 omnia
816 558 1086 624 Imperatoris
1107 562 1153 607 8<
1169 557 1272 607 aulze
1282 575 1429 605 arcana
1437 557 1643 624 patebant
1654 597 1668 619 ,
1683 558 1913 626 postquam

260 632 356 694 quis
373 647 512 677 rerum
528 628 651 677 status
663 629 764 676 esset
780 669 794 690 ‚
813 628 1095 687 intellexerat,
1107 627 1232 675 rebus
1250 629 1293 674 in
1312 636 1376 679 X
1378 631 1460 693 ensi
1466 626 1730 688 constitutis,
1752 630 1914 677 Crocei

260 699 422 746 flumen
435 737 448 758 ,
469 699 590 746 nullo
607 698 821 746 resistente
837 699 881 745 8<
899 696 1204 746 incustoditum
1215 733 1227 756 ,
1245 697 1352 744 urbe
1367 697 1420 744 ad
1436 697 1528 761 ejus
1545 697 1914 763 australemripam

264 769 494 835 Kiaszgcheu
527 769 570 815 in
602 767 775 816 transitu
794 782 917 833 capta
931 808 943 829 ‚
975 766 1098 816 facile
1116 766 1293 828 trajecit.
1338 766 1441 814 Inde
1479 767 1694 833 plerisque
1733 764 1914 816 urbibus

258 837 535 904 spontaneam
555 837 821 885 deditionem
832 837 1106 896 facientibus,
1127 835 1278 884 urbem
1304 835 1495 900 Thayven
1517 836 1702 899 resistere
1715 837 1856 900 aulam
1869 838 1913 886 vi

258 909 386 973 cepit,
401 906 598 954 Ducibus
614 905 842 954 interfeffis
858 910 903 956 &
915 907 1079 956 civibus
1090 944 1101 966 ,
1115 923 1301 972 quorum
1310 904 1508 971 plerique
1526 905 1768 955 ceciderant
1787 915 1912 974 :rgra-

257 979 367 1023 viter
392 976 612 1024 mulsiatus
632 977 920 1044 Zngchinius,
938 980 1016 1026 ubi
1035 976 1196 1024 flumen
1216 975 1626 1024 Croceumlatrones
1646 975 1847 1042 superasse
1865 977 1914 1025 &

195 1070 209 1082 ·
259 1047 302 1093 in
322 1048 489 1114 Xenfin·
514 1048 757 1111 proximam
771 1048 952 1115 Pekingae
967 1047 1235 1096 Provinciam
1259 1045 1448 1110 irrupisse
1473 1047 1706 1112 cognovit,
1738 1047 1816 1095 sub
1835 1049 1914 1095 Lio

92 1300 224 1342 Impera-

90 1344 147 1372 tori
160 1341 229 1383 fuga

90 1384 237 1415 diffunde-

91 1434 146 1456 tur.

92 2880 240 2921 Licurgzus

92 2920 198 2951 urbem

90 2961 166 2991 clam
178 2963 223 2991 in-

89 3001 235 3043 greditur.

257 1115 385 1162 Duce
402 1132 606 1180 magnum
633 1119 872 1164 exercitum
886 1117 1077 1183 collegit,
1091 1116 1274 1180 quicum
1286 1115 1359 1160 vix
1373 1117 1418 1161 in
1431 1115 1706 1181 conspectum
1725 1115 1913 1164 hostium
1935 1160 1938 1163 ,

257 1183 431 1231 venisset
446 1223 459 1244 ,
486 1183 655 1231 desertis
676 1185 841 1233 vexillis
857 1188 902 1234 8<
915 1184 1002 1233 fide
1020 1198 1150 1233 exuta
1168 1185 1220 1230 ad
1239 1185 1479 1251 Ticungzzmz
1495 1184 1676 1243 transiit,
1708 1198 1829 1234 tanto
1855 1187 1915 1247 Ly

257 1251 428 1314 dolore,
447 1267 493 1299 ut
514 1253 689 1317 seipsum
705 1253 759 1299 ab
775 1254 926 1303 arbore
945 1254 1227 1320 suspenderet.
1260 1255 1454 1300 Rumore
1472 1269 1558 1301 tam
1577 1254 1756 1303 infelicis
1773 1271 1912 1321 expe-

259 1321 434 1369 ditionis
453 1324 662 1388 Peltingum
676 1321 842 1382 delato,
861 1325 1008 1389 ingens
1028 1338 1118 1370 tota
1134 1321 1239 1369 urbe
1257 1321 1391 1370 Iustus
1404 1326 1449 1371 &
1462 1325 1696 1388 Imperator
1704 1341 1802 1372 cum
1817 1342 1914 1373 om·-

259 1390 383 1437 nibus
403 1392 601 1439 thesauris
621 1392 699 1439 suis
727 1394 982 1460 Nankingam
1008 1394 1155 1459 fugere
1179 1391 1409 1457 cogitabat.
1454 1394 1536 1440 Sed
1552 1391 1798 1441 clandestini
1820 1394 1913 1457 ejus

258 1461 418 1507 inimici
437 1499 450 1519 ,
485 1463 559 1525 qui
572 1459 658 1521 jam
682 1465 827 1509 animo
843 1459 1138 1528 proditionem
1151 1460 1441 1510 moliebantur
1455 1498 1467 1520 ,
1487 1461 1639 1529 'fugam
1654 1461 1888 1512 dissuadere
1898 1503 1915 1526 ,

256 1547 334 1576 nec
350 1529 464 1577 aliud
480 1531 607 1577 etiam
624 1529 720 1592 illis,
733 1533 808 1598 qui
821 1531 896 1579 fidi
913 1546 1053 1593 erant,
1075 1531 1270 1598 placebat
1291 1551 1300 1577 τ
1327 1532 1449 1597 quod
1460 1531 1609 1582 urbem
1628 1545 1788 1581 tantam
1797 1533 1917 1582 dese-

254 1616 345 1646 rere
356 1637 367 1659 ,
378 1599 477 1646 esset
495 1613 698 1647 extremae
708 1600 1012 1667 desperationis
1022 1615 1319 1669 argumentum
1341 1621 1350 1649 :
1372 1601 1489 1649 unde
1498 1602 1608 1650 hosti
1620 1602 1808 1663 audacia,
1816 1602 1917 1652 sub-

253 1668 353 1715 ditis
370 1683 503 1716 terror
516 1692 529 1729 3
555 1687 603 1717 ae
617 1670 776 1718 cunffis
788 1673 899 1720 intus
910 1671 963 1718 ad
979 1671 1271 1721 defexifionem
1294 1670 1465 1720 abunde
1479 1673 1725 1722 extantibus
1735 1672 1915 1735 ,milite‚

255 1740 378 1785 armis
389 1774 401 1797 ,
426 1754 670 1787 commeatu
685 1741 727 1788 in
738 1739 919 1808 longum
935 1755 1102 1807 tempus
1113 1779 1125 1799 ‚
1149 1741 1422 1789 obsidionem
1435 1744 1722 1809 quamtumvis
1739 1760 1913 1810 gravem

255 1807 581 1857 facilesustineri
597 1809 729 1875 posse,
743 1813 955 1877 promptis
973 1812 1027 1859 ad
1044 1810 1226 1859 subsidia
1236 1810 1408 1859 ferenda
1423 1825 1522 1860 toto
1538 1813 1724 1879 Imperio
1733 1812 1912 1864 civibus.

257 1879 319 1923 Ita
337 1880 569 1944 Imperator
581 1880 783 1927 consensu
804 1881 936 1929 vietus
950 1917 963 1941 ‚
985 1881 1138 1929 urbem
1152 1880 1204 1930 ad
1229 1896 1470 1929 extremum
1481 1881 1712 1931 defendere
1722 1882 1792 1929 sua
1805 1901 1914 1950 prae-

256 1944 385 1993 sentia
401 1947 556 1995 statuit.

325 2018 549 2082 Licungzuss
567 2034 654 2064 non
673 2017 821 2065 fraude
832 2019 967 2066 minus
978 2055 990 2077 ,
1000 2036 1130 2084 quam
1144 2035 1271 2065 manu
1283 2033 1509 2084 promptus
1520 2056 1532 2079 ‚
1547 2045 1549 2049 .
1563 2019 1727 2067 multos.
1738 2020 1913 2071 suorum

258 2084 404 2132 Sinico
418 2086 793 2151 habitu,tanquam
803 2102 1078 2146 mercatores,
1092 2087 1296 2154 paulatim
1308 2087 1349 2134 in
1366 2087 1516 2137 urbem
1527 2088 1654 2150 misit,
1669 2089 1817 2139 usurus
1835 2109 1912 2139 eo-

257 2170 352 2200 rum
362 2172 506 2219 opera,
520 2154 595 2202 ubi
610 2174 707 2204 cum
719 2159 910 2204 exercitu
922 2169 1018 2204 ante
1030 2158 1189 2204 moenia
1198 2155 1462 2206 consedisset.
1500 2162 1595 2206 Nec
1604 2174 1832 2209 contentus
1842 2179 1912 2209 ur-

255 2220 356 2271 bem
368 2222 502 2271 milite
523 2223 600 2272 suo
623 2226 731 2274 clam
751 2226 951 2292 implere,
974 2226 1088 2291 ipsos
1109 2225 1343 2274 Sinensium
1362 2228 1510 2275 Duces
1521 2227 1805 2278 nonnullosin
1816 2249 1910 2297 par·

256 2305 316 2339 tes
335 2293 357 2338 s
352 2310 420 2339 uas
432 2295 584 2353 traxit,
602 2296 677 2360 qui
689 2296 837 2342 urbem
858 2295 897 2342 se
908 2295 1151 2361 prodituros
1161 2295 1645 2362 pollicebant1.1r‚ignaro
1660 2302 1798 2348 omnis
1806 2318 1910 2348 con·

256 2360 493 2425 spirationis
514 2365 559 2410 8<
578 2364 670 2412 doli
690 2368 1002 2432 Zingchinio,ac
1017 2366 1177 2413 moenia
1189 2367 1408 2413 tormentis
1429 2366 1622 2432 undique
1641 2366 1910 2417 instmdhlu·

255 2428 422 2480 strante.
460 2432 539 2479 Sed
565 2450 612 2479 ea
629 2453 851 2482 murorum
871 2450 989 2501 parte
1011 2473 1024 2493 ‚
1053 2434 1125 2481 ubi
1146 2433 1358 2494 conjurati
1374 2434 1543 2483 hostiles
1553 2438 1696 2502 copias
1715 2439 1911 2486 intromi-

258 2497 393 2547 serant
407 2536 419 2558 ,
435 2514 646 2550 tormenta
662 2504 753 2552 solo
773 2504 967 2571 pulvere,
978 2503 1135 2569 absque
1145 2503 1300 2569 globis,
1310 2504 1477 2565 referta,
1487 2503 1722 2553 latronibus
1732 2523 1822 2554 non
1833 2506 1911 2555 nisi

256 2568 442 2616 innoxio
458 2568 634 2637 strepitu
656 2591 813 2622 vanum
823 2589 1027 2621 terrorem
1043 2572 1318 2623 incutiebant.
1355 2569 1560 2621 Ita'Anno
1570 2573 1796 2623 millesimo
1812 2576 1911 2624 sex-

256 2637 488 2685 centesimo
504 2640 824 2708 quadragesimo
834 2657 988 2709 quarto
1006 2643 1146 2691 mense
1162 2641 1282 2709 Julio
1301 2658 1398 2691 ante
1413 2642 1520 2689 Solis
1533 2657 1675 2691 ortum
1694 2657 1811 2692 totus
1833 2649 1910 2694 Li-

255 2711 615 2773 cungziexereitus
625 2729 701 2775 per
711 2728 879 2778 portam
897 2711 1223 2778 aproditoribus
1239 2728 1452 2777 apertam,
1477 2710 1627 2759 urbem
1638 2713 1789 2779 irrupit
1813 2734 1823 2761 z
1861 2716 1911 2764 &

254 2792 498 2841 quanquam
518 2779 755 2844 praesidium
791 2783 1037 2849 Imperatori
1062 2781 1202 2831 fidum
1221 2783 1367 2829 acriter
1390 2799 1466 2846 per
1489 2781 1645 2846 plateas
1678 2781 1907 2844 resisteret3

253 2844 498 2894 clandestini
517 2847 577 2894 illi
590 2848 803 2898 latronum
823 2851 923 2899 socii
939 2850 1049 2899 adeo
1064 2854 1206 2899 omnia
1226 2850 1412 2899 tumultu
1429 2850 1681 2911 miscebant,
1702 2851 1908 2920 utdespe-

254 2925 341 2959 rata
360 2914 551 2964 ulteriori
562 2917 832 2979 defensione,
852 2920 1185 2969 succumberent.
1219 2921 1309 2985 Ipse
1334 2923 1555 2985 Licuaezgzus
1566 2939 1666 2969 cum
1684 2921 1907 2970 leffiffimis

254 2982 438 3029 militum
469 2984 759 3036 suorumreEta
777 3007 853 3054 per
866 2984 1096 3037 desolatam
1121 2989 1271 3037 urbem
1304 2990 1355 3035 ad
1393 2989 1599 3039 Palatium
1622 2990 1908 3050 contendens,

255 3050 353 3111 illo,
374 3058 644 3118 quantumvis
661 3058 973 3107 Eunuchorum
994 3057 1179 3106 fidissimi
1195 3073 1383 3107 extrema
1402 3058 1575 3108 audacia
1594 3076 1906 3127 repugnarent,

1791 3143 1906 3177 noti-

2007 1249 2050 1398 saeaaa
2035 1227 2042 1238 .,
2035 1211 2038 1213 >
