2050 3412
270 149 381 196 134
626 128 767 185 Pars
784 122 952 183 ultima
974 122 1255 205 Legatiotm
1278 123 1540 183 Patavicae

260 227 305 276 id
323 222 615 276 estbellicosus
629 263 641 282 ,
655 224 804 272 dietus.
839 224 950 275 Hinc
961 238 1124 273 morem
1139 222 1259 272 illum
1269 222 1447 271 manasse
1466 218 1718 271 crediderim
1731 257 1744 281 ‚
1757 235 1805 271 ut
1825 222 1910 271 lm-

260 310 504 362 peratorum
517 296 692 342 nomina
703 293 817 360 apud
830 293 936 340 hanc
946 307 1118 359 gentem
1139 292 1214 341 sub
1226 291 1483 340 Praefessiurae
1498 290 1731 357 auspicium
1746 304 1914 340 muten-

264 380 347 425 tur,
361 363 726 430 queamdmodum
744 362 858 410 aliud
874 380 1032 410 nomen
1045 362 1189 411 asliscit
1201 400 1213 422 ,
1233 363 1309 429 qui
1329 364 1547 409 Romanus
1569 359 1771 410 Pontifex
1790 359 1912 427 eligi-

268 449 348 483 tur.
384 437 485 482 Haec
509 433 666 482 familia
687 434 709 479 a
733 430 920 497 dynastia
936 431 1002 479 sua
1019 429 1157 495 (heva
1172 431 1383 497 appellata
1407 433 1687 497 Imperatores
1710 431 1914 480 continua

268 502 522 551 successione
542 516 752 552 trecentos
764 504 809 549 &
827 501 1091 567 septuaginta
1107 518 1240 549 unum
1253 525 1265 561 3
1278 519 1361 549 una
1371 499 1496 565 stirpe
1515 539 1527 559 ‚
1538 498 1658 564 quod
1678 499 1733 547 de
1747 499 1825 549 alia
1838 500 1914 547 vix

268 575 312 620 in
335 572 454 620 omni
472 572 586 639 legas
611 571 795 621 Historia
820 611 834 632 ,
869 573 913 618 in
936 587 1068 618 annos
1092 573 1273 619 omnino
1290 569 1560 635 offingentos
1581 571 1626 617 &
1648 568 1914 636 septuaginta

270 644 462 709 quinque
483 645 730 708 propagata.

102 729 171 757 ema
340 711 437 759 Post
453 707 956 758 exstinctionemfamiliae
975 711 1131 769 Cher-ce,
1154 721 1282 775 caput
1292 705 1449 756 extulit
1471 703 1569 769 Cina
1584 722 1699 755 anno
1710 718 1807 754 ante
1818 707 1913 756 Ser-

102 777 220 809 qua‘m'
268 794 459 828 vatorem
481 794 627 827 natum
636 776 930 827 ducentesimo
944 777 1267 845 quadragesimo
1283 777 1423 836 sext0‚
1437 774 1559 837 cujus
1577 774 1723 824 audior
1735 771 1916 843 Chingus,

267 849 352 898 five
372 856 435 902 X
438 854 520 909 i-us,
535 848 683 896 floruit
692 861 859 895 tautum
876 848 992 894 annis
1002 848 1293 914 quadraginta.
1328 850 1474 904 Qam
1489 844 1704 894 subsecuta
1717 843 1778 891 est
1800 862 1919 896 anno

103 936 182 980 Hafa
268 917 558 968 ducentesimo
574 918 694 966 sexto
712 915 960 982 imperatrix
977 914 1135 965 familia
1152 923 1297 975 Hana,
1312 932 1442 981 quam
1455 919 1700 982 Lieupangus
1714 913 1769 962 ad
1778 915 1918 964 Caesa..

105 984 222 1016 qlllnta·

269 1057 426 1106 Christi
444 1058 708 1104 nativitatem
723 1053 1059 1102 ducentesimum
1070 1054 1372 1121 sexagesimum
1389 1069 1587 1120 quartum
1604 1053 1850 1103 infiderunt.

105 1151 175 1184 cm
340 1130 431 1176 Hac
446 1129 597 1192 quinta
619 1126 924 1191 Imperantium
938 1123 1096 1172 familia
1114 1125 1277 1172 subacta
1291 1123 1424 1182 sexta,
1445 1123 1684 1184 Cywdifila,
1704 1125 1917 1191 originem

105 1190 199 1220 sem·
270 1195 445 1262 stunpsit
457 1233 469 1255 ,
484 1214 580 1260 quae
595 1194 648 1241 ad
659 1211 817 1241 annum
829 1194 986 1241 Christi
1001 1192 1368 1260 quadragesimum
1381 1195 1426 1240 &
1437 1192 1652 1241 decimum
1661 1211 1821 1245 nomen
1836 1195 1919 1242 im-

269 1266 446 1332 peravit.
481 1267 527 1311 ln
553 1265 630 1311 hac
648 1263 805 1311 familia
819 1278 1003 1327 quatuor
1018 1266 1161 1330 Reges
1179 1262 1336 1309 eodem
1350 1278 1545 1326 tempore
1563 1264 1918 1322 numerabantur,

272 1339 368 1385 Utai
383 1334 498 1381 dieti.
532 1335 623 1390 Qii
635 1333 809 1396 {emetip
818 1331 881 1378 sos
894 1333 991 1398 post
1009 1349 1103 1380 acre
1113 1349 1321 1380 annorum
1332 1331 1742 1398 quadringentorum
1754 1330 1919 1382 bellum

101 1432 190 1468 -s‘mffia
268 1404 377 1452 solio
393 1403 626 1451 turbarunt.
665 1403 741 1449 His
760 1400 1025 1465 subsequitur
1034 1400 1190 1449 familia
1201 1400 1362 1467 Tanga,
1389 1418 1483 1465 quae
1502 1399 1710 1449 Universo
1725 1404 1919 1452 Sinarum

99 1472 238 1514 ξθΡῑῑΜ·
269 1475 455 1538 Imperio
473 1473 611 1538 potita
633 1473 677 1518 in
689 1468 866 1538 posteris
889 1469 944 1518 ad
958 1487 1117 1523 annum
1131 1467 1478 1518 sexcentesimum
1496 1472 1542 1518 8<
1560 1469 1778 1520 decimum
1803 1469 1918 1519 οᾶει-

270 1542 619 1607 vumimperavit,

335 1616 469 1660 Anno
502 1611 601 1677 post
612 1609 797 1677 Virginis
820 1622 991 1675 partum
1014 1607 1343 1676 nongentesimo
1376 1606 1581 1676 vigesimo
1607 1611 1737 1658 tertio
1757 1609 1919 1659 familia

102 1694 189 1733 Sanga
269 1685 402 1749 Sanga
416 1679 638 1729 clarescere
647 1681 774 1745 caepit
785 1717 799 1739 ,
830 1696 924 1744 quae
943 1680 1114 1743 Imperii
1141 1678 1311 1727 clavum
1321 1677 1374 1728 ad
1385 1695 1542 1727 annum
1556 1676 1824 1728 millesimum
1837 1678 1920 1728 du-

102 1734 221 1766 ogka'n'
267 1749 545 1799 centesimum
570 1748 927 1817 septuagesimum
950 1747 1162 1798 otkavum.
1208 1750 1307 1795 Hoc
1336 1765 1450 1795 anno
1475 1748 1667 1808 Tartari,
1689 1747 1920 1815 postquam

116 1877 121 1880 ⁵
268 1820 671 1887 septuagintatrium
685 1835 897 1866 annorum
929 1818 1032 1866 serie
1045 1819 1258 1865 continuis
1277 1815 1397 1864 bellis
1416 1820 1619 1883 Regnum
1646 1816 1922 1878 infestassent,

101 1905 191 1934 rma
270 1889 473 1937 familiam
490 1891 659 1956 Surgam
669 1890 836 1954 penitus
847 1887 1249 1952 delevit,aliamque‚
1259 1903 1387 1951 quam
1406 1890 1440 1935 Y
1439 1900 1573 1934 venam
1589 1900 1758 1947 vocant,
1772 1885 1920 1934 substi-

102 1956 193 1977 ΜΕ·
272 1972 470 2015 ruerunt3
496 1976 590 2022 quae
607 1957 660 2003 ad
670 1970 827 2004 annum
839 1956 1108 2004 millesimum
1122 1954 1460 2003 trecentesimum
1479 1954 1786 2020 sexagesimum
1803 1955 1921 2004 οᾶει-

270 2044 383 2076 vum.
430 2031 538 2084 Qo
548 2043 661 2073 anno
671 2026 834 2072 Tartari
853 2025 947 2087 jure
963 2025 1132 2072 talionis
1151 2024 1172 2069 a
1193 2022 1428 2070 sacrificulo
1446 2029 1529 2072 Hu
1554 2025 1652 2072 Sina
1668 2023 1777 2089 pulsi
1795 2024 1919 2085 sunt3

269 2098 345 2161 qui
362 2097 534 2161 Imperii
549 2093 673 2141 clavo
691 2096 854 2159 potitus
870 2099 1098 2160 Hunguvus
1114 2131 1128 2153 ,
1154 2091 1198 2139 id
1209 2091 1269 2139 est
1291 2091 1516 2140 bellicosus
1534 2092 1747 2141 milesdici
1760 2092 1921 2154 voluit,

269 2168 346 2229 qui
372 2163 540 2213 familiae
555 2165 766 2230 Tnimingae
789 2163 935 2210 auctor
965 2165 1009 2210 in
1035 2162 1213 2228 posteris
1244 2161 1297 2209 ad
1331 2179 1489 2209 annum
1522 2161 1792 2212 millesimum
1824 2162 1920 2211 sex-

268 2231 543 2282 centesimum
560 2232 925 2298 quadragesimum
954 2245 1153 2298 quartum
1175 2234 1368 2297 regnavit
1386 2268 1399 2291 ,
1432 2230 1573 2279 donec
1600 2232 1767 2280 Tartari
1790 2230 1919 2297 pulsis

271 2306 425 2350 iterum
440 2303 547 2349 Sinis
559 2301 750 2366 auspiciis
771 2311 833 2354 X
834 2304 975 2361 unchii,
1009 2302 1085 2365 qui
1102 2300 1270 2348 familia:
1288 2300 1515 2348 Tartaricae
1537 2300 1731 2367 Taicingae
1751 2300 1921 2360 ειυιῗῑοτ,

271 2373 446 2436 Imperii
461 2370 643 2419 habenas
671 2386 931 2436 receperunt.
966 2376 1184 2428 Qlantam
1199 2369 1381 2419 fortunae
1401 2370 1446 2417 8<
1461 2368 1563 2416 belli
1593 2369 1921 2420 viciffitudinem

274 2442 374 2487 Sina
387 2440 514 2487 fuerit
525 2453 716 2505 experta,
730 2458 785 2486 ex
803 2440 907 2487 infra
928 2438 1116 2488 dicendis
1131 2438 1309 2505 patebit.

87 2537 237 2573 “Tama
340 2513 409 2557 Ac
425 2511 632 2573 quoniam
647 2509 916 2572 antiquissimi
938 2510 1129 2557 Sinarum
1148 2506 1285 2556 hostes
1302 2508 1468 2556 Tartari
1487 2506 1681 2566 fuerunt,
1703 2506 1758 2555 de
1767 2524 1920 2557 eorum

85 2588 91 2589 ’
272 2596 387 2627 nunc
405 2579 588 2644 Origine
612 2580 656 2624 ἃ
676 2579 820 2641 primis
842 2577 963 2625 bellis
972 2577 1168 2643 quaedam
1183 2576 1304 2625 altius
1329 2576 1559 2643 repetenda
1583 2575 1689 2626 sunt.
1737 2578 1920 2626 Primam

276 2648 530 2697 Tartaron-um
542 2646 659 2694 velut
671 2647 777 2693 Sinae
796 2646 981 2694 hostium
1007 2648 1052 2693 &
1071 2645 1181 2694 illius
1201 2647 1369 2712 Imperii
1387 2644 1626 2700 invasorum
1651 2648 1920 2696 mentionem

273 2715 460 2765 Annales
478 2714 555 2762 sub
570 2718 830 2779 Imperatore
853 2719 971 2763 szo
989 2713 1162 2763 faciunt.
1195 2720 1320 2774 Qos
1339 2716 1477 2763 Graeci
1501 2714 1546 2761 &
1572 2714 1711 2764 Latini
1734 2716 1919 2778 Scythen,

275 2785 403 2833 Persae
418 2786 463 2832 &
477 2786 583 2832 Sinae
604 2784 789 2831 Tartaros
800 2798 1028 2842 vocarunt,
1044 2801 1290 2849 quanquam
1308 2785 1367 2831 ob
1382 2782 1596 2833 defectum
1607 2781 1736 2833 literae
1759 2786 1823 2845 R,
1856 2786 1920 2833 Si-

275 2854 418 2901 nenses
441 2854 551 2901 Tata
578 2854 878 2918 pronuncient.
912 2855 1029 2900 Gens
1057 2852 1128 2901 illa
1149 2851 1236 2913 jam
1258 2852 1545 2918 antiquiffimo
1571 2869 1690 2913 aevo,
1724 2866 1920 2920 tempore

280 2923 458 2979 Qum-,zris
478 2922 625 2979 Medi,
640 2922 990 2984 Nebucadnezaris
1008 2920 1231 2987 Babylonii
1246 2920 1564 2969 excursionibus
1577 2921 1620 2969 in
1631 2921 1919 2972 Occidentem

275 2989 560 3038 &Meridiem
583 2994 716 3055 ulque
739 2992 941 3039 terminos
954 2992 1131 3058 AEgypti
1141 2989 1286 3038 dedita
1304 2990 1416 3048 fuit3
1452 2988 1566 3037 unde
1590 3006 1681 3038 non
1696 2989 1920 3056 probabile

275 3057 426 3116 modo,
435 3074 582 3105 verum
597 3061 777 3108 omnino
788 3073 953 3109 certum
970 3059 1030 3106 est
1046 3062 1089 3109 in
1109 3063 1297 3109 Orientem
1312 3075 1492 3123 quoque
1503 3058 1673 3108 &illam
1685 3095 1698 3119 ,
1711 3075 1806 3124 quae
1822 3060 1918 3106 Sina

1785 3125 1918 3177 hodie

267 1006 345 1038 resi:
361 989 576 1054 dignitatis
591 986 864 1053 splendorem
874 986 1010 1034 erexit
1026 1023 1038 1045 ,
1060 985 1182 1049 cujus
1198 986 1355 1052 posteri
1371 985 1557 1032 Throno
1575 985 1628 1032 ad
1642 1002 1801 1033 annum
1819 984 1918 1054 post
1940 1045 1945 1050 Δ

1986 0 2050 131 'w

1979 62 1982 64 .
1998 46 2031 72 ..it

1988 84 2018 106 μ’.

1998 151 1999 154 =
2048 146 2050 160 ι

2017 169 2019 174 ,
2048 162 2050 171 ι

1995 255 1998 258 -
2048 225 2050 271 i
