2050 3412
296 120 402 178 146
662 110 804 192 ‘Pari
818 103 985 165 ultima
1005 105 1289 189 Legationia
1308 106 1569 165 Patavicae

289 213 382 259 bus,
419 209 505 257 Sub
519 209 678 257 Vanlieo
701 209 855 255 iterum
872 209 918 255 8(
936 206 1086 269 majori
1103 209 1145 254 vi
1170 209 1471 272 irrumpenteS,
1495 209 1587 256 tota
1602 210 1804 276 Leaotung
1813 206 1942 275 potiti

293 282 317 327 f
313 294 477 327 uerunt.
512 280 570 325 lta
582 279 794 325 continuis
805 280 1084 325 Tartarorum
1097 275 1219 324 bellis
1231 277 1419 336 exerciti,
1428 280 1470 324 in
1487 294 1624 325 mores
1634 295 1784 325 eorum
1799 279 1944 329 sensim

295 348 486 397 tranfiere
496 385 507 407 ,
519 346 579 395 illi
595 349 815 414 imprimis,
824 350 897 413 qui
910 349 1138 395 Orientem
1153 347 1379 412 respiciunt
1388 349 1434 395 8(
1446 346 1634 395 Sinenses
1646 346 1853 397 hostiliter
1863 362 1945 397 tra-

297 419 405 466 ftare
415 431 663 483 coeperunt:
684 417 798 465 unde
816 419 859 464 in
882 417 1027 465 locum
1041 416 1156 464 urbis
1167 420 1369 481 Leaoyang
1380 454 1394 476 ,
1417 415 1503 464 alio
1517 418 1693 465 nomine
1706 418 1939 483 Nirggyvem

299 489 630 553 metropolitana
641 487 850 553 dignitate
860 487 881 532 a
893 488 1038 534 Sinicis
1053 483 1380 551 Imperatoribus
1389 484 1585 534 decorata
1599 486 1695 534 fuit.

134 578 284 608 remia-225
366 560 510 624 Regio
538 560 676 605 omnis
700 551 915 622 pecudum
941 555 1142 604 arborum
1174 556 1449 622 segetumque
1477 554 1735 606 feracissima.
1775 556 1945 605 Radicis

134 624 274 657 wa'g‘
300 628 567 675 nobiliffimae
586 631 755 693 Ginseng
769 624 965 691 copiosus
989 627 1049 672 ibi
1073 639 1319 692 proventus.
1355 623 1549 672 Pretiosa:
1563 624 1697 691 pelles
1712 624 1943 676 Castorinae

300 699 344 743 8(
357 696 593 744 Zabellinae
609 710 756 743 contra
766 698 868 743 aeris
880 695 1194 743 inclementiam
1206 696 1251 742 8(
1261 693 1314 741 ad
1326 708 1616 743 mercaturam.
1650 697 1794 744 Nuces
1805 698 1944 744 Pineae

297 766 449 832 insigni
461 765 769 833 magnitudine,
780 765 991 813 hordeum
1002 767 1047 812 8(
1058 764 1186 812 secale
1199 792 1212 823 ‚-
1222 782 1350 830 oryza
1361 763 1476 811 nulla
1491 786 1504 823 ·,
1530 763 1601 813 sed
1611 763 1778 813 olerum
1797 766 1945 831 impri-

298 837 375 884 mis
391 836 587 895 braflicae,
600 834 719 894 cujus
734 834 829 881 alias
842 837 916 882 vix
927 836 1018 883 tota
1031 835 1126 881 Sina
1139 834 1538 899 proventus,eopia3
1551 832 1817 900 ficuS‚poma,
1827 852 1944 901 pyra,

298 922 403 963 uvae,
419 905 570 963 majori
583 921 762 951 numero
771 921 900 967 quam
910 906 953 952 in
964 903 1216 951 fertilissimis
1229 905 1414 969 Europae
1426 905 1596 969 campis,
1625 906 1739 951 Hinc
1748 903 1943 952 fertilissi-

298 991 366 1021 ma
383 977 524 1041 Regio
544 974 734 1021 censetur
754 1011 767 1032 ‚
802 976 966 1040 quippe
984 972 1108 1038 plana
1126 991 1322 1039 magnam
1349 988 1511 1038 partem
1533 973 1659 1021 nullis
1682 972 1867 1021 collibus
1879 974 1944 1022 vel
2005 967 2008 971 ⁴

296 1044 515 1092 montibus
531 1044 655 1090 edita.
690 1045 813 1089 Marc
824 1042 1060 1109 navigabile
1070 1056 1216 1090 caetera
1226 1059 1319 1107 quae
1332 1041 1504 1101 desunt,
1522 1041 1765 1109 suppeditat
1777 1065 1790 1101 3
1807 1061 1855 1091 ac
1869 1042 1946 1091 nifi

297 1113 484 1178 populus
502 1113 588 1178 ipse
600 1111 746 1159 rudior
759 1113 804 1159 8(
820 1110 941 1160 bellis
953 1111 1135 1171 deditus,
1145 1113 1219 1158 vix
1229 1111 1308 1158 alia
1320 1116 1412 1159 tota
1424 1112 1591 1160 felicior
1604 1115 1702 1161 Sina
1711 1112 1835 1161 ditio.
1861 1113 1945 1161 Sed

298 1181 402 1229 dum
430 1183 602 1229 Bellona
626 1182 835 1228 continuo
855 1181 1011 1228 incolas
1029 1195 1228 1240 exercet,
1263 1183 1531 1245 quantumvis
1548 1180 1702 1230 fertilia
1723 1181 1946 1230 arvasteri-

297 1250 469 1300 lescunt.
507 1251 747 1316 Religionis
758 1249 1274 1315 superstitioeadem,quae
1292 1250 1549 1298 Sinensium:
1571 1252 1945 1312 animarumtrans-

300 1321 597 1384 migrationem
611 1322 885 1384 pervicaciter
896 1321 1086 1368 credunt.
1127 1318 1359 1366 saltatrices
1378 1320 1624 1367 Sacerdotes
1646 1319 1829 1379 habent,
1847 1337 1944 1385 quae

296 1390 409 1435 miris
423 1388 813 1455 gesticulationibus
829 1387 987 1454 spe&ra
996 1387 1481 1453 morbosque,tympana
1493 1387 1704 1454 pulsantes
1715 1389 1848 1439 nofiu
1855 1389 1946 1439 die..

295 1475 378 1520 que
390 1459 428 1504 se
441 1457 598 1523 pellere
612 1459 992 1517 arbitrantui·,miro
1007 1457 1245 1523 spe&aculo
1256 1457 1417 1504 tamdiu
1430 1460 1474 1507 8(
1485 1459 1572 1507 illas
1581 1457 1772 1507 saltando
1781 1460 1948 1520 durare,

297 1529 343 1574 8(
360 1545 493 1593 aegros
509 1541 648 1575 tantos
667 1527 873 1576 tumultus
889 1525 1073 1593 perferre
1083 1528 1214 1594 posse.
1252 1531 1513 1592 Quanquam
1536 1545 1637 1575 vero
1656 1527 1808 1590 majori
1826 1543 1946 1594 parte

294 1598 419 1663 plana
432 1596 481 1644 fit
492 1599 536 1644 8(
551 1597 791 1663 campestris
796 1597 912 1655 ‚alibi
923 1610 1063 1643 tamen
1083 1595 1236 1645 excelsi
1247 1597 1293 1643 8(
1302 1600 1460 1644 amoeni
1470 1611 1653 1646 montes,
1665 1598 1799 1664 Apud
1811 1604 1947 1670 Qan-

295 1671 394 1733 niug,
405 1685 528 1714 mons
541 1673 590 1715 V
584 1670 734 1735 aujutg,
744 1666 860 1733 apud
873 1667 1039 1733 Tielung
1047 1685 1170 1717 mons
1183 1670 1403 1732 Lungxeu:
1427 1667 1479 1714 ad
1499 1669 1729 1715 Orientem
1741 1673 1946 1736 Leadyargg

296 1753 419 1783 mons
440 1738 669 1805 Fungheaszg
681 1776 695 1798 ,
720 1736 835 1803 apud
848 1733 1075 1805 Chungtng
1094 1754 1217 1784 mons
1241 1738 1408 1804 Hunglo
1421 1773 1433 1796 ,
1449 1737 1567 1804 apud
1587 1737 1804 1805 Ningyven
1821 1756 1948 1788 mons

299 1806 462 1857 Taluon,
497 1810 646 1874 Ingens
660 1825 782 1854 mons
798 1807 1000 1872 Chargpea
1020 1825 1146 1855 muro
1162 1805 1347 1871 usquein
1367 1807 1603 1856 Tartariam
1612 1811 1835 1872 procurrit.
1871 1809 1947 1857 Est

297 1878 343 1923 &
363 1875 473 1923 lacus
486 1876 705 1942 offitoginta
733 1875 966 1924 stadiorum
983 1876 1169 1936 ambitu,
1201 1875 1403 1924 immensa
1421 1876 1716 1943 profunditate
1735 1916 1749 1938 ,
1779 1894 1836 1925 ex
1855 1896 1947 1944 quo

297 1943 386 1991 duo
397 1944 535 2005 fluvii,
548 1947 590 1991 in
607 1946 791 1993 austrum
806 1951 837 1995 Y
834 1948 905 2006 al0‚
916 1948 960 1992 in
975 1949 1203 1995 Orientem
1221 1950 1422 2014 Qntung
1437 1959 1715 2013 procurrunt,
1725 1947 1780 1996 de
1790 1946 1948 2013 quibus

295 2014 339 2059 in
355 2013 638 2078 descriptione
649 2017 789 2079 Regni
805 2017 962 2064 Niuche
979 2012 1063 2073 jam
1074 2030 1170 2063 ante
1181 2014 1341 2062 dietum
1352 2014 1445 2063 fuit.

129 2103 262 2134 Sinaear-
367 2082 559 2130 Sinenses
575 2083 842 2131 Tartaricum
856 2085 1093 2132 exercitum
1108 2086 1151 2131 in
1172 2089 1395 2151 Leaotung,
1413 2085 1610 2150 quotidie
1620 2083 1856 2136 cervicibus
1866 2087 1946 2136 suis

128 2153 274 2219 ffifjgn,
297 2152 590 2199 imminentem
606 2151 796 2200 videntes
808 2152 1062 2212 ‚deliberare
1078 2153 1182 2202 serio
1197 2169 1438 2218 coeperunt,
1453 2172 1536 2221 qua
1553 2156 1716 2203 ratione
1735 2157 1825 2205 haec
1838 2171 1947 2206 tem-

131 2230 260 2260 1ra‘sar-
296 2220 430 2285 pestas
455 2224 537 2269 toti
558 2224 745 2287 Imperio
760 2222 979 2270 excidium
1004 2224 1225 2284 minitans,
1252 2222 1399 2287 repelli
1418 2227 1462 2272 8(
1479 2225 1625 2272 evitari
1641 2226 1791 2289 posset.
1828 2228 1946 2274 Tan-

129 2281 217 2303 ¹⁸¹⁰⁵‘
295 2289 394 2337 dem
411 2291 545 2337 visum
560 2290 640 2338 fuit
656 2290 851 2339 sexcenta
866 2291 1322 2340 millialefflffimorum
1332 2293 1517 2340 militum
1527 2311 1582 2341 ex
1593 2293 1752 2342 euneiis
1769 2298 1948 2344 Provin-

293 2361 366 2405 ciis
382 2359 642 2408 conscribere
654 2397 666 2418 ,
680 2378 728 2407 ac
746 2379 801 2408 eo
821 2379 920 2410 cum
938 2364 1129 2410 exercitu
1148 2364 1349 2410 Tartaros
1369 2364 1465 2410 Sina
1478 2363 1708 2428 expellere.
1745 2367 1842 2412 Rex
1854 2367 1948 2412 Co-

293 2445 439 2475 reanus
456 2428 686 2477 duodecim
701 2430 831 2478 millia
846 2432 1008 2479 auxilio
1024 2431 1134 2479 misit
1151 2470 1163 2491 ,
1196 2434 1269 2496 qui
1286 2449 1433 2479 omnes
1457 2449 1554 2479 arcu
1570 2435 1616 2480 8(
1649 2432 1804 2500 sagittis
1824 2451 1946 2481 more

294 2497 519 2545 Tartarieo
532 2498 761 2546 utebantur
772 2537 784 2558 ,
800 2504 844 2549 &
858 2502 973 2548 Sinas
988 2504 1045 2548 rei
1057 2501 1244 2548 militaris
1262 2503 1412 2566 peritia
1420 2520 1468 2549 ae
1478 2502 1730 2550 fortitudine
1741 2501 1871 2569 longe
1880 2502 1947 2550 su-

293 2566 507 2630 perabant.
549 2570 705 2632 Neque
730 2571 1007 2617 Tartarorum
1030 2573 1131 2618 Rex
1160 2572 1430 2637 Thienmingus
1449 2571 1629 2638 segniter
1653 2571 1706 2619 ad
1722 2570 1885 2620 bellum
1904 2572 1946 2620 se

292 2636 568 2700 praeparabat,
577 2638 799 2685 contraffis
810 2657 867 2686 ex
887 2653 984 2686 toto
996 2642 1173 2705 Regno,
1191 2654 1367 2705 quantas
1379 2654 1562 2705 poterat,
1570 2643 1721 2707 copiis,
1737 2641 1845 2689 Sinae
1860 2640 1946 2705 jam

293 2707 493 2752 omnibus
509 2705 561 2751 ad
579 2708 904 2771 expeditionem
934 2708 1137 2757 instruffis
1163 2714 1294 2757 Anno
1316 2709 1536 2758 millesimo
1552 2709 1856 2759 sexcentesimo
1870 2711 1944 2759 de-

293 2776 409 2820 cimo
433 2793 553 2821 nono
569 2775 695 2822 initio
722 2780 842 2824 Veris
857 2792 1005 2825 contra
1027 2780 1227 2825 Tartaros
1245 2778 1505 2826 formidabili
1524 2796 1620 2826 cum
1638 2782 1829 2829 exercitu
1846 2798 1947 2847 pro-

294 2842 556 2902 fc&i‚infelix
575 2845 766 2909 praelium
778 2847 1093 2895 commiserunt.
1111 2850 1436 2913 Qlinquaginta
1448 2848 1630 2897 milliain
1646 2848 1822 2916 praeliari
1833 2867 1947 2900 cam«

292 2927 356 2975 po
385 2911 484 2959 eaesa
498 2952 510 2971 ,
547 2918 822 2980 (quanquam
842 2917 1008 2964 Tartari
1031 2919 1105 2963 vix
1125 2917 1333 2964 decimam
1357 2917 1534 2965 Sinensis
1553 2920 1764 2967 exercitus
1783 2934 1946 2985 partem

292 2981 531 3046 aequarent)
548 2982 696 3047 reliqui
710 2984 811 3051 fuga
825 2990 1057 3033 evaserunt.
1092 2988 1156 3032 Ea
1173 2985 1312 3033 adhue
1338 2985 1407 3033 die
1419 2986 1522 3034 duas
1542 2989 1666 3035 urbes
1695 2989 1862 3055 impetu
1877 3006 1945 3036 ce-

292 3063 446 3112 perunt
456 3050 621 3097 Tartari
634 3088 645 3108 ,
670 3055 716 3101 8(
729 3056 931 3102 omnibus
946 3054 1166 3102 trucidatis
1178 3095 1192 3115 ‚
1217 3056 1548 3105 combusserunt.
1582 3058 1690 3105 Lata
1704 3058 1852 3123 passim
1871 3074 1952 3122 per

292 3135 411 3182 ¹xgros
427 3116 597 3184 strages,
621 3122 666 3167 8(
683 3122 874 3171 incendia
886 3141 954 3184 ‚ac
965 3140 1227 3190 quacunque
1237 3125 1477 3174 Tartaricus
1494 3127 1703 3176 exercitus
1729 3124 1954 3183 transibat„

1882 3193 1946 3242 nil
