2050 3412
311 145 376 205 acl
392 148 530 213 M
532 168 706 230 agnum
723 143 980 208 Tartariae
1000 154 1222 234 Sinaeque
1245 151 1287 211 C
1285 151 1488 211 hamum.
1618 176 1715 221 129

80 249 372 316 superstitione
391 250 574 300 imbutis.
614 251 724 297 Hinc
742 252 892 298 iratum
901 252 1059 299 coelum
1078 255 1237 318 magnis
1249 255 1295 300 in
1311 271 1403 301 earn
1421 266 1592 320 gentem
1610 253 1718 306 cala-

84 319 298 367 mitatibus
308 319 521 377 detonuit,
530 335 796 384 regnumque
805 339 934 367 omne
943 322 1159 367 concussit.

155 394 216 437 H
213 391 348 454 oangtii
362 386 444 433 fuit
457 404 512 433 ex
527 385 651 434 fratre
662 406 795 453 nepos
805 426 815 445 ‚
839 392 884 437 8<
895 391 955 435 ob
975 388 1178 456 infignem
1198 389 1421 450 caelestium
1437 408 1574 438 rerum
1590 390 1718 439 scien*

84 460 184 505 tiam
202 459 245 503 8<
265 456 433 519 Imperii
449 455 660 520 fastigium
671 457 866 504 ascendit.
901 459 1113 504 Omnium
1126 459 1288 523 primo,
1307 457 1592 506 labefactatam
1603 462 1717 526 prio-

82 543 177 573 rum
192 542 398 572 annorum
413 523 503 571 fato
522 524 770 591 religionem
783 525 982 586 restituit,
1005 526 1225 572 instaurata
1242 525 1451 585 majorum
1462 531 1618 592 pietate
1630 567 1642 589 ‚
1671 542 1719 577 ut

84 612 217 641 unum
240 612 388 641 omnes
406 592 647 658 supremum
664 594 754 641 caeli
772 597 1075 660 Imperatorem
1093 594 1204 643 statis
1225 594 1432 641 sacrorum
1447 597 1595 642 ritibus
1606 598 1719 645 cole-

84 677 189 711 rent.
227 662 435 710 Additum
451 699 463 721 ,
496 680 549 709 ne
565 665 632 709 cui
644 660 758 710 alteri
773 701 785 723 ,
802 682 929 728 quam
941 664 1185 728 Imperatori
1198 701 1209 723 ,
1230 661 1346 711 sacris
1359 663 1416 710 fas
1431 665 1530 712 effet
1540 667 1719 730 operari.

75 733 214 778 Tanti
227 731 433 778 faciebant
444 732 513 778 sua
524 731 733 790 sacrificia,
743 747 788 779 nt
799 732 1095 780 sacerdotalem
1112 733 1381 798 dignitatem,
1394 746 1487 796 quae
1498 731 1593 798 ipsis
1610 733 1719 782 sum·

84 819 150 849 ma
163 799 411 859 habebatur,
420 798 585 847 nonnifi
599 818 694 847 cum
707 802 872 865 sceptro
891 801 1049 849 vellent
1064 802 1144 848 effe
1154 799 1438 862 conjunRam.

153 877 216 920 X
218 870 309 916 aoha
320 874 354 917 vi
365 887 496 933 nepos
508 869 576 915 hic
590 869 686 929 fuit,
708 874 812 930 Com,
828 870 942 935 apud
958 870 1166 917 summum
1181 869 1388 937 significat
1402 909 1415 930 ‚
1445 872 1505 917 ob
1517 871 1720 920 summam

83 939 283 986 virtutem
311 937 457 986 dietus.
517 940 682 985 Omnes
705 942 818 986 enim
844 941 999 1004 optimi
1029 942 1293 1005 Imperatoris
1325 954 1460 1004 partes
1493 939 1722 1004 explevisse

82 1006 286 1054 scribitur.
320 1009 449 1053 Initio
468 1008 585 1069 regni
607 1009 754 1054 urbem
773 1010 930 1072 regiam
954 1010 998 1059 in
1025 1014 1179 1058 Houan
1208 1008 1527 1055 amoeniffimam
1545 1011 1721 1056 Provin-

82 1076 203 1133 ciam,
219 1077 292 1122 ubi
309 1093 422 1122 nunc
435 1077 554 1139 Yensu
572 1078 716 1122 civitas
726 1076 782 1123 est
794 1114 806 1135 ,
828 1077 910 1123 loci
925 1078 1279 1124 commoditatem
1289 1076 1449 1124 secutus
1462 1116 1475 1137 ,
1501 1075 1719 1126 transtulit.

84 1149 285 1200 Qatuor
307 1161 493 1191 uxorum
511 1144 718 1210 conjugio
743 1163 860 1192 novo
875 1145 1081 1210 exemplo
1101 1146 1311 1211 illigatus,
1341 1145 1521 1192 totidem
1540 1164 1594 1193 ex
1611 1147 1658 1193 iis
1671 1145 1720 1193 fi-

82 1212 160 1259 lios
178 1212 365 1278 suscepit.
411 1216 571 1260 Harum
594 1231 676 1261 una
692 1228 906 1279 concepto
932 1229 1038 1261 voto
1067 1214 1089 1260 :i
1113 1215 1308 1278 supremo
1327 1214 1426 1260 coeli
1463 1217 1720 1278 Imperatore

87 1284 210 1329 Cieum
229 1281 367 1328 filium
382 1283 636 1347 impetravit.
671 1281 816 1329 Altera
834 1284 962 1344 Kium
987 1284 1111 1330 enixa
1127 1282 1186 1330 est
1202 1318 1214 1340 ‚
1237 1300 1390 1347 quem,
1413 1282 1563 1329 itidem
1586 1286 1722 1348 preci-

82 1349 161 1397 bus
172 1351 194 1396 a
212 1354 394 1414 Xangii‚
409 1368 538 1414 quem
547 1368 629 1416 pro
648 1352 748 1398 Deo
764 1351 847 1397 coli
865 1351 1271 1416 suprain-:licavimus
1287 1388 1298 1409 ,
1316 1353 1435 1399 matri
1455 1351 1630 1399 antehac
1641 1351 1722 1399 ste-

84 1420 149 1465 rili
163 1420 403 1466 conceffum
414 1419 548 1479 ajunt.
580 1420 727 1466 Tertia
742 1420 909 1467 decimo
920 1434 1072 1485 quarto
1085 1419 1179 1486 post
1190 1434 1448 1484 conceptum
1459 1419 1618 1479 mense,
1633 1420 1724 1468 viso

81 1490 196 1553 prius
214 1491 258 1535 in
282 1487 436 1535 somnis
468 1486 599 1535 rubro
632 1488 814 1535 dracone
829 1528 843 1548 ,
877 1489 1002 1552 quod
1023 1506 1183 1555 magnae
1200 1488 1409 1535 felicitatis
1428 1503 1724 1554 argumentum

83 1559 190 1604 Sinis
209 1556 291 1614 est,
322 1561 355 1605 Υ
351 1577 436 1605 aum
447 1557 626 1623 peperit.
660 1562 823 1616 Quarta
837 1553 982 1620 [heum
997 1557 1133 1605 filium
1142 1557 1302 1606 habuit.
1341 1560 1469 1605 Hunc
1488 1558 1604 1603 annis
1621 1576 1722 1623 pro-

82 1625 330 1675 cedentibus
345 1644 431 1691 prae
454 1625 626 1691 reliquis
647 1641 767 1691 pater
784 1626 837 1673 ad
858 1629 1089 1693 Imperium
1106 1625 1342 1691 affumpsit3
1377 1627 1553 1692 optimae
1568 1625 1725 1675 indolis

82 1695 238 1744 indicia
256 1698 299 1742 in
325 1695 369 1742 id
394 1693 524 1760 usque
547 1708 715 1760 tempus
733 1713 817 1762 prae
841 1695 882 1743 se
904 1698 1121 1745 ferentem.
1163 1698 1224 1743 At
1247 1696 1290 1742 in
1307 1713 1362 1742 eo
1386 1694 1566 1743 fortunae
1589 1691 1724 1761 gradu

82 1781 172 1811 non
192 1765 266 1812 diu
288 1763 413 1814 stetit.
449 1766 563 1812 Nam
573 1762 647 1810 ubi
665 1763 774 1812 solus
790 1763 844 1812 ab
862 1764 987 1813 obitu
1004 1765 1186 1832 parentis
1204 1781 1384 1830 regnum
1403 1763 1618 1824 obtinuit,
1633 1765 1724 1813 cito

82 1833 332 1881 modestiam
349 1831 566 1880 dedidicit.
614 1832 772 1881 Indein
794 1835 1007 1882 licentiam
1017 1833 1188 1882 vivendi
1206 1830 1388 1880 nimiam'
1399 1831 1642 1899 prolapsus,
1657 1835 1722 1881 vi-

85 1919 159 1949 vus
179 1902 332 1962 adhuc,
348 1901 471 1965 quod
485 1903 644 1949 nemini
664 1904 855 1967 priorum
863 1904 1087 1969 obtigerat,
1095 1903 1280 1967 Imperio
1291 1905 1478 1950 exuitur.
1512 1901 1721 1950 Ebrietati

81 1972 259 2019 enimac
274 1969 500 2018 mulierum
524 1970 727 2018 illecebris
747 1973 803 2019 ita
822 1972 860 2018 se
875 1986 1017 2020 totum
1048 1970 1260 2036 permisit,
1289 1987 1336 2018 ut
1364 1969 1523 2018 nullam
1547 1972 1720 2036 Imperii

81 2057 222 2088 curam
245 2039 430 2088 haberet.
475 2043 678 2105 Cumque
703 2041 913 2107 aRegulis
936 2041 1015 2088 suae
1031 2041 1201 2087 ditionis
1224 2058 1314 2086 non
1342 2057 1435 2086 raro
1454 2037 1523 2086 sed
1545 2040 1721 2104 nequic-

82 2126 212 2173 quam
229 2108 359 2156 officii
376 2110 675 2157 admoneretur
691 2137 703 2167 ,-
738 2128 839 2175 gens
856 2109 1002 2176 probis
1020 2111 1062 2157 in
1080 2110 1194 2156 hunc
1211 2108 1322 2156 diem
1333 2106 1526 2173 Regibus
1544 2108 1696 2155 assueta
1707 2145 1720 2167 ‚

81 2181 208 2242 eique
223 2215 236 2237 ‚
268 2178 336 2224 cui
352 2179 459 2224 ratio
477 2194 566 2224 non
587 2179 836 2243 imperaret,
871 2196 1016 2244 parere
1032 2179 1257 2244 indignum
1271 2190 1378 2237 rata,
1404 2193 1526 2224 nono
1545 2177 1719 2241 Imperii

80 2265 210 2306 anno,
221 2247 244 2293 ὲ
261 2246 429 2312 fastigio
441 2248 485 2293 in
503 2245 682 2294 exilium
693 2246 894 2307 detrudit,
902 2247 1028 2295 fratre
1042 2247 1151 2294 illius
1169 2252 1241 2295 Υαο
1256 2249 1298 2294 in
1313 2244 1402 2308 ejus
1418 2244 1562 2291 locum
1573 2243 1718 2291 subro-

78 2330 195 2382 gat0.

147 2387 275 2432 Hunc
297 2402 443 2431 omnes
462 2382 556 2431 libri
580 2385 706 2431 Sinici
726 2385 871 2448 paffim
905 2384 1197 2432 lanfriffimum
1230 2383 1545 2448 piissimumque
1563 2380 1715 2448 praedi-

81 2467 188 2504 cant.
224 2455 281 2500 Et
297 2453 390 2501 sane
409 2453 510 2500 fires
518 2455 575 2500 ab
590 2471 644 2501 eo
653 2452 781 2518 gestas
793 2452 902 2500 rec'le
917 2453 1148 2519 expendas,
1162 2469 1308 2499 omnes
1318 2470 1406 2500 non
1422 2451 1556 2499 modo
1566 2452 1715 2499 Sinen-

80 2522 231 2583 ses,sed
242 2521 355 2570 orbis
371 2521 458 2570 fere
476 2523 607 2569 totius
627 2523 814 2584 optimos
826 2540 1022 2587 quosque
1036 2540 1152 2588 reges
1165 2524 1320 2569 virtute
1339 2523 1494 2586 pariter
1511 2521 1558 2567 &
1576 2519 1713 2586 gloria

81 2590 281 2650 velvicit‚
299 2591 365 2639 vel
386 2592 581 2657 aequavit.
624 2590 728 2651 Ejus
752 2591 894 2638 laudes
914 2591 1020 2637 liber
1037 2592 1113 2638 Xu
1133 2591 1288 2649 diei-us,
1321 2593 1366 2638 8<
1385 2592 1619 2655 imperante
1640 2593 1715 2638 Yao

81 2657 218 2707 editus
228 2660 410 2707 celebrat
419 2660 504 2707 hoc
520 2663 639 2708 brevi
650 2659 840 2723 quidem,
854 2659 923 2707 sed
933 2659 1083 2726 infigni
1092 2659 1252 2724 elogio.
1285 2660 1362 2704 Yai
1372 2661 1503 2706 merita
1513 2658 1712 2721 implevere

85 2741 203 2775 totum
216 2729 348 2776 orbem.
385 2733 539 2796 Magna
554 2744 636 2778 erat
655 2732 692 2775 in
703 2748 743 2775 eo
752 2731 967 2796 dilg‘gentia3
989 2748 1109 2776 omnes
1127 2728 1252 2775 debito
1266 2729 1395 2775 honore
1410 2725 1709 2792 prosequebatur.

86 2801 299 2863 Intelligens
312 2835 325 2857 ,
347 2802 564 2864 compositus
585 2804 627 2848 ὦ
641 2799 865 2863 pwspicax3
894 2801 1010 2846 omnia
1030 2801 1173 2846 virtute
1192 2811 1305 2863 atque
1326 2798 1446 2845 indole
1464 2796 1627 2862 quadam
1636 2797 1718 2863 fibt'

84 2869 271 2932 congenita
286 2867 571 2931 exsequebatur.

151 2933 272 2984 Idem
286 2933 465 2982 siderum
478 2936 843 3000 contemplatione
859 2934 898 2983 se
912 2936 1156 2999 cumprimis
1172 2932 1386 2980 oble&ans
1399 2970 1411 2993 ,
1439 2935 1538 2981 anni
1552 2931 1716 2981 dimen-

84 3003 246 3053 sionem
258 3003 472 3051 nonnullis
490 3003 700 3052 erroribus
716 3004 952 3052 obnoxiam
970 3002 1171 3060 restituit‚·
1192 3002 1376 3051 mensem
1393 3017 1575 3068 quoque
1591 3003 1718 3049 inter-

86 3074 316 3122 calarem&
328 3070 587 3122 abundantes
607 3074 659 3122 ad
680 3074 877 3122 debitum
895 3072 1090 3146 ordinem
1100 3071 1276 3138 redegit.
1312 3069 1387 3120 Ad
1402 3071 1522 3138 quod
1532 3070 1718 3184 εΗὶεὲεη-

1055 3157 1075 3186 r
1648 3153 1721 3184 um
