2050 3412
307 175 372 234 ad
383 176 519 242 M
522 196 696 261 agnum
710 173 966 236 Tartariae
981 181 1203 261 Sinaeque
1223 182 1265 240 C
1262 179 1470 241 hamum.
1615 207 1637 244 1
1650 203 1678 247 6
1688 214 1709 257 3

72 277 251 328 Insulam
271 276 461 341 [heuxan
478 315 490 337 ‚
522 276 634 324 haud
657 276 806 342 procul
832 280 1079 325 continente
1113 280 1295 346 Chekiang
1310 319 1321 341 ,
1354 281 1377 326 ὲ
1398 284 1571 347 regione
1604 279 1718 328 urbis

77 350 251 413 Ningpo,
261 346 377 394 sitam
388 345 584 412 confugit
595 346 741 410 ibique
753 345 892 394 sedem
903 347 1003 393 novi
1016 349 1155 411 Regni
1170 349 1401 399 constituit.

141 419 242 465 Haec
253 416 399 475 insula,
411 414 606 462 haetenus
618 415 873 480 piscatorum
890 414 988 461 cafis
1000 414 1197 473 habitata,
1207 416 1259 461 ab
1275 435 1329 463 eo
1339 431 1534 484 tempore
1547 421 1652 466 Sinis
1665 416 1718 464 ad

76 489 222 542 Luam,
233 497 432 548 tanquam
449 483 703 549 capillorum
721 484 894 530 suorum
909 484 1210 547 proteCmrem,
1221 487 1382 550 ingenti
1400 504 1579 535 numero
1590 526 1602 547 ,
1614 505 1718 535 con-

75 552 327 612 fluentibus,
359 552 444 615 jam
458 556 667 617 potens&
691 551 966 618 magnificum
977 569 1152 617 regnum
1171 553 1433 619 septuaginta
1450 557 1551 604 duas
1572 558 1716 603 civita-

76 636 136 670 tes
147 636 350 669 numerat.
394 623 558 669 Tartari
573 621 772 669 omnibus
793 622 968 668 urbibus
988 618 1179 687 [helimng
1192 661 1203 681 ,
1239 622 1315 668 hac
1341 628 1422 670 Lui
1440 623 1540 688 fuga
1566 626 1718 689 potiti,

76 691 276 753 ,Kinhoam
287 709 379 756 quae
392 691 476 739 sola
486 690 683 751 resistere,
696 691 869 757 Tutaszgi
878 690 1114 749 sedemusa,
1123 708 1220 737 cum
1231 706 1346 755 parte
1358 693 1577 757 copiarum
1595 692 1720 739 obse-

76 760 253 820 derunt,
284 778 463 825 eamque
482 763 703 808 tormentis
722 763 973 826 Hangchevo
990 759 1180 807 adduffis
1206 762 1395 826 (quippe
1416 760 1564 808 obsessi
1577 763 1722 827 praeci-

77 847 213 895 puum
223 830 526 877 detrimentum
538 831 722 877 Tartaris
733 848 807 894 per
818 841 1028 877 tormenta
1042 829 1281 877 inferebant
1295 847 1388 894 quae
1397 831 1661 878 continenter
1677 831 1721 878 in

77 917 229 947 eorum
242 900 371 946 castra
381 898 702 965 explodebant)
715 899 825 945 vallo
840 915 991 964 magna
1007 897 1230 946 latitudine
1241 898 1427 959 dejettQ
1447 902 1487 946 vi
1498 916 1722 965 expugna-

78 982 191 1018 runt.
226 968 427 1034 Tutayggus
437 1005 449 1027 ‚
459 985 512 1014 ne
528 969 569 1014 in
583 967 835 1033 potestatem
846 967 1032 1015 hostium
1044 969 1161 1014 vivus
1177 969 1338 1016 veniret
1348 1004 1360 1028 ,
1383 967 1421 1016 se
1432 967 1723 1034 familiamque

78 1037 393 1102 suam,pulvere
410 1038 798 1102 pyrio,combuflit.
833 1036 930 1084 Alia
945 1037 1369 1085 Tartariciexercitus
1386 1055 1478 1101 pars
1494 1041 1632 1089 Foltien
1649 1055 1726 1102 pe-

79 1107 161 1164 tiit,
170 1124 265 1171 quae
280 1109 731 1171 Provincia,pc·rpetuis
742 1108 788 1153 8(
800 1106 1029 1169 asperrimis
1040 1106 1233 1170 undique
1245 1107 1462 1154 montibus
1473 1109 1494 1152 a
1548 1121 1727 1173 uanturg,

81 1175 256 1245 Kiangfi
266 1177 309 1222 8(
332 1177 532 1242 Chekiang,
548 1174 721 1222 discreta
738 1212 750 1233 ,
765 1193 893 1221 unam
905 1187 1071 1220 tantum
1082 1177 1191 1221 viam
1206 1193 1300 1239 quae
1318 1179 1459 1240 paucis
1472 1177 1727 1240 praesidiariis

81 1259 227 1292 contra
237 1263 410 1292 omnem
426 1245 651 1291 humanam
669 1246 755 1291 vim
766 1243 939 1290 defendi
956 1244 1001 1290 8(
1019 1244 1158 1290 claudi
1170 1243 1310 1309 potest
1323 1245 1486 1302 ,haben
1521 1246 1601 1292 Sed
1614 1258 1729 1292 tanta

81 1314 287 1361 Tartarici
302 1317 514 1378 equitatus
524 1312 713 1360 formido
724 1313 839 1378 apud
856 1312 1043 1359 Sinenses
1058 1326 1146 1359 erat
1157 1351 1168 1373 2
1178 1326 1226 1359 ut
1242 1316 1315 1359 vix
1330 1331 1540 1378 equorum
1552 1312 1729 1378 conspe-

82 1382 197 1430 &um
207 1384 377 1432 ferrent.
413 1385 473 1428 lta
482 1382 663 1429 claustris
675 1384 888 1429 montium
902 1380 1165 1429 incustoditis
1177 1418 1189 1440 ,
1203 1399 1449 1447 quanquam
1465 1400 1594 1449 aegre‚
1610 1381 1731 1446 supc-

83 1453 203 1511 ratis,
231 1454 398 1499 Tartari
417 1453 559 1500 Pokien
575 1451 740 1516 ingreffi
756 1468 848 1498 eam
860 1488 872 1509 ,
886 1451 1006 1496 citius
1018 1450 1119 1509 fere,
1133 1469 1261 1515 quam
1278 1450 1557 1515 perambulari
1569 1450 1705 1517 poffet
1716 1488 1730 1509 ‚

84 1535 360 1586 occuparunt.
374 1520 454 1569 Sed
468 1521 662 1568 nonnulli
673 1535 893 1585 occupatae
910 1533 994 1565 tam
1010 1519 1149 1566 subito
1161 1522 1302 1570 Folzien
1316 1520 1422 1567 hanc
1430 1520 1600 1568 causam
1611 1519 1733 1567 fuiffe

83 1589 284 1638 referunt.
328 1592 429 1637 Erat
447 1608 502 1636 eo
522 1604 717 1655 tempore
743 1591 874 1653 pirata
890 1588 1065 1653 quidam
1086 1586 1350 1655 Chirzchil1tng,
1383 1607 1514 1653 quem
1533 1590 1733 1654 Europaei
1751 1603 1863 1649 Causa·

84 1662 210 1725 Iquon
226 1673 381 1708 vocant
393 1673 511 1719 ‚toto
523 1661 704 1706 Oceano
726 1659 890 1719 Sinico‚
913 1659 958 1705 8(
978 1676 1053 1722 per
1069 1660 1208 1710 Folzien
1227 1659 1551 1724 potentissimus.
1585 1660 1620 1705 Is
1636 1676 1734 1705 cum
1750 1648 1870 1716 ἓξξζξζί

85 1728 294 1777 Lusitanis
308 1730 351 1775 in
364 1733 429 1776 M
423 1730 532 1789 akw,
546 1727 769 1776 Hollandis
785 1731 826 1775 in
839 1727 1017 1791 Formosa
1033 1728 1108 1774 diu
1125 1727 1364 1776 inserviisset
1376 1764 1388 1787 ,
1407 1727 1601 1793 pertaesus
1612 1728 1736 1775 servi·
1752 1728 1852 1764 Fauen.

84 1798 172 1846 lem
185 1798 497 1858 conditionem,
514 1798 651 1845 socios
663 1798 871 1861 quosdam
881 1797 1022 1844 naffius
1032 1833 1043 1855 ,
1053 1798 1273 1863 piraticam
1289 1796 1442 1857 facere,
1451 1799 1496 1844 8(
1507 1796 1561 1845 ab
1571 1797 1738 1863 exiguis

84 1867 455 1934 initiis,ingentem
464 1866 646 1928 classem,
656 1867 768 1915 solus
775 1866 929 1914 Indicae
941 1868 986 1914 &
1003 1868 1151 1914 Sinicae
1162 1882 1404 1915 mercaturae
1415 1866 1738 1926 Dominus,col-

85 1935 219 2002 ligere
230 1974 243 1997 ‚
259 1955 357 1984 cum
367 1938 626 2002 Imperatore
644 1936 802 1985 Sinensi
812 1935 953 1984 foedus
969 1937 1087 1984 inire.
1120 1938 1263 1983 Tanta
1272 1935 1363 1998 ejus
1377 1939 1570 2003 potentia
1580 1948 1682 1995 erat,
1690 1948 1738 1982 ut

85 2005 253 2054 classem
264 2019 326 2054 ter
341 2006 457 2054 mille
468 2006 690 2054 naviumin
703 2019 833 2070 portu
845 2007 991 2053 Focheu
1002 2041 1015 2063 ,
1036 2005 1213 2053 stantem
1233 2005 1419 2053 haberet.
1454 2006 1536 2053 Sed
1551 2007 1562 2051 i
1567 2004 1639 2069 pse
1658 2005 1738 2052 hac

87 2075 263 2123 fortuna
284 2093 374 2122 non
396 2087 646 2135 contentus,
680 2077 910 2141 Imperium
931 2075 1117 2121 Sinicum
1134 2111 1147 2134 ,
1181 2072 1337 2121 familia
1356 2074 1559 2140 Taiminga
1575 2072 1737 2131 deleta,

89 2141 296 2202 affectare,
308 2161 398 2208 quo
416 2144 501 2191 fine
511 2161 610 2191 cum
625 2146 807 2191 Tartaris
818 2142 959 2191 foedus
971 2144 1015 2190 8(
1031 2144 1260 2215 amicitiam
1276 2145 1411 2190 inivit,
1446 2141 1738 2189 Constituerat

24 2243 26 2245 -
90 2230 190 2261 eum
203 2216 419 2279 Lunguvus
432 2212 516 2260 five
530 2217 619 2270 Lu,
645 2213 816 2260 Ducem
826 2214 1047 2277 copiarum
1063 2214 1104 2260 in
1126 2214 1268 2261 Fokien
1292 2232 1302 2258 .·
1328 2211 1442 2259 unde
1460 2212 1645 2257 Tartaris
1665 2209 1739 2256 ad·

91 2280 354 2329 vertantibus
367 2281 631 2328 Provinciam
643 2281 833 2345 prodidit
845 2283 889 2327 8(
902 2280 954 2349 ab
966 2283 1011 2327 iis
1023 2283 1123 2327 Rex
1140 2280 1370 2346 Pirgnan,id
1382 2279 1440 2327 est
1453 2282 1564 2345 austri
1568 2292 1737 2342 pacator,

90 2350 224 2399 factus
239 2349 333 2398 fuit.
368 2350 450 2398 Sed
462 2350 627 2397 Tartari
644 2351 882 2414 potentiam
891 2348 982 2409 ejus
993 2367 1040 2395 ac
1055 2349 1106 2396 ad
1120 2349 1348 2414 Imperium
1359 2346 1639 2413 adspirantem
1649 2364 1737 2394 am-

91 2418 303 2468 bitionem
314 2419 606 2485 suspe&ante8‚
619 2437 748 2483 quem
766 2418 905 2483 palam
914 2417 1085 2485 aggredi
1096 2436 1183 2465 non
1196 2417 1429 2476 audebant,
1446 2435 1545 2465 eum
1561 2416 1738 2464 honori-

91 2487 170 2536 bus
190 2490 235 2535 &
265 2506 340 2554 per
357 2488 543 2554 ingentia
560 2488 974 2552 pronliffa,evertere
998 2488 1201 2552 paulatim
1212 2486 1487 2534 conabantur.
1535 2488 1738 2550 Cumque

92 2557 288 2624 regulum
300 2558 564 2607 Tartaricum
576 2559 781 2624 Peltingam
796 2555 1149 2622 proficiscentem,
1158 2556 1437 2621 improvidus,
1452 2554 1570 2602 claffe
1583 2557 1625 2601 in
1636 2572 1743 2619 por-

95 2640 145 2673 tu
166 2628 311 2674 Focheu
328 2626 472 2675 relicta
485 2665 498 2687 ,
517 2629 791 2673 comitaretur
803 2665 816 2685 ‚
849 2625 975 2686 jussus
985 2625 1086 2684 fuit,
1109 2624 1316 2691 quicquid
1328 2625 1498 2672 tandem
1514 2623 1741 2671 reluRare-

95 2709 165 2742 tur
181 2732 194 2754 ,
225 2695 353 2760 sequi.
403 2701 463 2744 Ita
483 2697 558 2760 qui
583 2697 702 2743 armis
722 2694 1011 2759 insuperabilis
1029 2709 1139 2755 erat,
1171 2692 1319 2742 fraude
1333 2708 1480 2759 captus
1496 2710 1545 2738 ac
1566 2691 1738 2740 tandem

98 2765 276 2830 {Peltingae
309 2782 475 2812 veneno
498 2765 605 2813 clam
625 2778 794 2812 necatus
817 2762 910 2811 fuit.
966 2763 1093 2810 Filius
1116 2763 1207 2825 ejus
1227 2765 1272 2810 &
1290 2759 1432 2809 fratres
1452 2800 1466 2821 ‚
1501 2762 1643 2809 audita
1660 2759 1739 2806 hac

96 2835 343 2897 captivitate
354 2869 366 2892 ,
397 2834 561 2882 claffem
585 2834 845 2898 repetierunt
862 2850 910 2880 ac
943 2834 1085 2880 Sinam
1107 2831 1304 2880 haetenus
1338 2831 1546 2878 hostiliter
1576 2830 1741 2896 deprae-

95 2901 263 2949 dantur.

167 2971 288 3017 Dum
304 2971 393 3017 haec
407 2989 482 3035 per
497 2974 637 3024 Fokien
653 2984 876 3038 geruntur,
898 2967 1001 3017 alius
1019 2971 1296 3017 Tartarorum
1321 2971 1529 3017 exercitus
1545 2985 1620 3035 per
1638 2973 1741 3018 Hu-

98 3043 223 3106 'quang
237 3042 282 3087 8(
301 3040 493 3109 Kimgfi,
520 3043 565 3088 in
617 3055 784 3105 uantung
796 3041 1032 3103 penetravit
1043 3056 1090 3086 ac
1105 3037 1273 3098 adjutus
1294 3038 1372 3086 illis
1389 3040 1522 3105 copiis
1535 3078 1547 3099 ‚
1558 3055 1652 3102 quac
1665 3038 1742 3082 Fo-

101 3111 185 3161 lzien
199 3123 562 3176 expugnaverant,
570 3113 658 3176 pari
681 3110 893 3158 celeritate
907 3125 954 3155 ac
968 3106 1141 3155 fortuna
1155 3106 1270 3154 illam
1282 3110 1547 3156 Provinciam
1565 3104 1745 3168 subegit.

1059 3194 1088 3226 x
1127 3194 1150 3223 α
1634 3173 1748 3220 Hinc
