2114 3412
298 181 375 225 60
653 165 794 220 Pars
813 157 980 218 ultima
1001 158 1284 242 Legationis
1305 160 1567 219 Patavicae

299 265 476 321 tudine,
507 262 682 308 nomine
702 264 847 332 Quin
862 298 876 320 ,
902 259 1046 309 forma
1057 261 1230 326 virginis
1247 297 1260 319 ,
1290 259 1561 325 conspicitur.
1611 263 1656 307 ln
1681 268 1744 312 X
1746 265 1829 326 ansi
1847 261 1955 313 urbe

305 335 474 395 Taffuen
501 330 703 379 sacellum
716 332 967 395 Imperatori
982 333 1122 397 Siango
1144 367 1157 389 ,
1202 332 1397 377 omnium
1408 330 1584 396 sapienti
1592 332 1709 378 [limo
1725 349 1780 378 ex
1796 330 1956 381 familia

310 405 431 451 Chaus
442 438 454 460 ,
468 399 757 449 consecratum
772 399 830 447 est
840 437 855 460 ,
878 398 998 460 cujus
1015 418 1070 447 ex
1080 400 1269 464 pretiolo
1288 400 1429 465 lapide
1445 400 1576 447 statua
1592 401 1662 448 sua
1677 401 1829 465 sponte
1844 419 1898 449 eo
1913 402 1956 449 se

306 469 529 519 contuliffe
545 469 743 518 referunt.

378 540 512 606 Apud
527 543 666 606 Lugan
682 541 724 586 in
742 552 890 586 monte
907 542 1027 598 Peco,
1046 538 1167 604 quod
1182 537 1390 605 significat
1409 542 1588 587 Montem
1608 541 1928 606 omffziumsraegum
1943 576 1957 601 ,

305 610 503 659 sacellum
519 612 784 675 Imperatoris
808 617 871 661 X
873 613 1020 676 innungi
1032 648 1046 669 ,
1079 607 1289 672 juxtaque
1298 621 1452 673 puteus
1470 607 1531 654 est
1544 648 1556 668 ,
1573 607 1646 654 ubi
1658 607 1712 655 ab
1728 610 1880 675 ignoto
1895 609 1953 657 se-

308 683 436 740 mina,
451 698 550 727 eum
566 679 774 744 simulque
792 692 925 726 artem
939 676 1169 726 seminandi
1185 676 1389 741 accepisse
1401 677 1603 737 referunt,
1616 679 1690 742 qui
1705 678 1813 725 hanc
1822 692 1954 726 artem

309 748 487 797 subditis
502 748 687 807 tradidit,
700 748 815 795 unde
833 746 887 794 ab
902 746 996 814 ipsis
1008 751 1050 794 in
1061 759 1314 813 perpetuam
1321 745 1520 794 beneficii
1533 747 1782 794 memoriam
1792 750 1954 814 magnis

307 818 551 885 sumptibus
570 817 830 865 exstrufium
846 816 919 865 est.

375 891 422 935 In
440 897 503 940 X
505 890 585 952 enfi
594 887 709 952 apud
729 889 881 934 urbem
898 891 961 936 H
959 885 1125 953 ancbng
1133 886 1325 950 quinque
1340 884 1485 932 lacella
1501 886 1804 950 sunt,quorum
1820 903 1955 934 unum

307 958 559 1023 Imperatori
581 957 833 1023 Chmggleango
848 995 863 1016 ,
897 954 1019 1020 quod
1036 956 1147 1003 viam
1175 972 1251 1020 per
1269 954 1410 1019 aspera
1426 957 1642 1003 montium
1667 955 1713 1002 8<
1744 955 1956 1004 convalles

307 1027 482 1091 parasset
494 1065 507 1085 ,
530 1025 834 1074 consecratum.

374 1098 421 1142 In
447 1094 550 1142 urbe
566 1095 779 1162 I<ingyang
797 1098 874 1143 tria
893 1093 1037 1141 sacella
1057 1095 1175 1150 sunt,
1207 1095 1453 1156 inquorum
1474 1111 1563 1140 uno
1576 1093 1749 1158 piciurae
1778 1095 1953 1162 triginta

306 1163 468 1229 septem
486 1167 661 1229 Regum
678 1182 733 1212 ex
749 1163 907 1211 familia
926 1165 1053 1211 Cheva
1067 1163 1402 1227 conspiciuntur.

374 1235 423 1279 In
441 1242 504 1285 X
507 1248 647 1300 antng
665 1232 769 1280 urbe
787 1229 910 1295 [inan
925 1233 1074 1280 decem
1091 1236 1254 1293 Heron,
1273 1227 1368 1278 sunt
1377 1251 1471 1298 quae
1490 1232 1636 1279 omnia
1646 1230 1811 1298 superat
1829 1233 1956 1283 saceb-

306 1301 396 1350 lum
414 1303 549 1369 nggo
571 1301 624 1350 ab
642 1304 901 1366 imperatore
918 1306 980 1352 H
980 1306 1123 1369 oangtio
1133 1299 1358 1349 fundatum
1375 1340 1387 1360 ,
1421 1304 1466 1348 in
1480 1319 1570 1366 quo
1585 1300 1851 1366 septuaginta
1865 1304 1957 1353 duo

305 1375 450 1437 Reges
469 1371 581 1439 pacis
599 1384 803 1418 amatores
823 1372 868 1418 &
888 1371 1104 1436 religionis
1120 1369 1266 1418 vixisse
1277 1370 1478 1419 referunt.
1512 1370 1654 1436 Donqy
1669 1388 1846 1437 magnos
1856 1374 1958 1422 inde

306 1441 466 1490 reditus
481 1442 670 1505 capiunt.

374 1510 510 1577 Apud
534 1511 719 1569 Yencheu,
735 1512 781 1558 in
794 1510 900 1558 urbe
918 1505 963 1573 C
956 1528 1003 1557 eu
1017 1507 1266 1575 quindecim
1278 1508 1424 1558 sacella
1441 1509 1549 1567 sunt,
1561 1503 1745 1574 Confutio
1754 1545 1767 1569 ‚
1778 1504 1958 1578 aliisque

302 1579 425 1628 sacra.
684 1624 687 1625 ⁷

378 1651 426 1696 In
445 1648 737 1699 Suclmenurbe
756 1651 915 1717 Chingtu
928 1647 1131 1697 sacellum*
1143 1650 1261 1715 Regi
1277 1645 1479 1717 (ancungo
1489 1687 1504 1710 ,
1534 1649 1611 1714 qui
1629 1660 1762 1697 artem
1776 1647 1957 1700 serici&

303 1718 543 1785 bombyces
562 1718 702 1768 alendi
722 1721 887 1786 primus
900 1717 1050 1767 incolis
1059 1717 1234 1767 tradidit
1245 1758 1257 1779 ,
1267 1716 1437 1775 [acrum.

374 1791 425 1837 In
441 1794 650 1856 Huquang
659 1788 779 1855 apud
792 1790 944 1837 urbem
958 1788 1221 1850 Kiuaegmons
1240 1791 1396 1856 Untang
1414 1787 1604 1836 multa&
1621 1787 1840 1854 splendida
1848 1785 1960 1836 tem}

303 1859 375 1925 pla
392 1876 438 1911 ac
455 1860 660 1908 coenobia
679 1859 808 1906 habet
820 1896 832 1919 ,
867 1857 1015 1923 ibique
1030 1861 1334 1926 inaugurantur
1353 1857 1598 1906 Sacerdotes
1611 1897 1624 1918 ,
1658 1859 1735 1922 qui
1750 1859 1958 1906 internam

303 1930 451 1976 animae
468 1929 897 1994 transmigrationem,
913 1928 956 1975 id
967 1927 1028 1975 est
1043 1927 1248 1977 moralem
1258 1929 1406 1975 anima<
1418 1965 1431 1987 ,
1451 1931 1495 1977 &
1519 1928 1716 1992 corporis
1728 1925 1957 1991 separatio-

305 2014 406 2047 nem
422 1995 639 2046 [eftantur.

372 2067 420 2115 In
442 2065 656 2131 Nanking,
672 2064 788 2128 apud
823 2066 879 2114 N
879 2070 1031 2131 ingque,
1047 2062 1246 2110 sacellum
1272 2063 1543 2129 splendidum
1564 2066 1802 2131 Hiangfin,
1834 2063 1878 2111 id
1897 2063 1958 2111 est

306 2132 552 2181 suaveolens
563 2151 653 2194 cor,
663 2135 856 2199 quinque
868 2131 1115 2200 Virginibus
1134 2133 1293 2180 sacrum
1309 2132 1380 2181 cst.
1418 2138 1494 2181 Hae
1504 2134 1686 2199 virgines
1697 2150 1796 2180 cum
1812 2132 1835 2178 a
1850 2150 1957 2199 prae-

305 2203 491 2250 donibus
503 2202 556 2250 ad
577 2202 769 2268 stuprum
783 2205 1090 2269 abriperentur,
1104 2204 1236 2261 mori,
1254 2219 1384 2267 quarn
1393 2203 1541 2252 violari
1560 2201 1824 2250 maluerunt:
1851 2203 1954 2250 hinc

305 2290 451 2328 earum
468 2274 674 2320 memoria
689 2273 749 2319 ibi
763 2271 931 2320 colitur.

373 2344 421 2388 In
442 2342 645 2408 Cbekiang,
666 2340 764 2389 urbs
784 2346 846 2392 H
846 2344 1007 2408 angcheu
1021 2378 1034 2401 ,
1075 2340 1297 2388 ineffabilis
1312 2343 1440 2406 copia
1458 2336 1720 2405 templorum
1739 2351 1958 2404 repertum

309 2413 354 2458 &
372 2410 625 2474 quindecim
640 2411 772 2458 millia
787 2411 1081 2459 Sacerdotum.

374 2479 511 2545 Apud
531 2481 720 2547 Natzking
736 2483 778 2527 in
794 2492 943 2527 monte
963 2481 1019 2529 N
1020 2484 1032 2527 i
1041 2478 1271 2545 ,templum
1282 2479 1406 2540 est,in
1417 2496 1507 2545 quo
1519 2476 1635 2525 mille
1649 2476 1793 2526 statuae
1801 2493 1953 2525 nume-

306 2561 462 2597 rantur.

377 2617 513 2684 Apud
532 2623 721 2685 Hoaggan
735 2636 857 2667 mous
875 2621 982 2667 mari
990 2617 1178 2680 adjacet,
1200 2619 1346 2684 inquo
1367 2613 1825 2683 magnificentiffimum
1845 2615 1957 2668 temss

307 2686 429 2752 plum
446 2690 493 2736 &
507 2687 772 2736 coenobium.

376 2758 425 2805 In
435 2770 586 2806 monte
601 2764 665 2809 X
665 2757 885 2825 inus‚apud
896 2759 1065 2824 Tangam,
1075 2755 1257 2823 plurima
1266 2753 1479 2804 ldoleia&
1496 2754 1706 2800 innumeri
1725 2749 1952 2803 sacrificuli

309 2825 352 2871 in
370 2825 619 2887 solitudine,
629 2827 745 2874 velut
757 2828 1053 2887 Anaehoretae,
1067 2827 1266 2876 viventes.

373 2896 421 2942 In
442 2892 483 2958 C
479 2898 650 2964 lacking,
661 2895 777 2962 apud
797 2898 1043 2964 Hangcheu,
1063 2912 1188 2942 mons
1198 2895 1423 2962 Funghoang
1435 2929 1447 2950 ,
1481 2889 1600 2938 estin
1617 2887 1739 2952 cujus
1758 2889 1870 2940 binis
1894 2891 1955 2941 al-

307 2961 464 3009 tissimis
484 2965 775 3014 cacuminibus
789 2964 880 3013 duo
895 2965 1058 3031 templa
1078 2964 1150 3012 sita
1166 2964 1274 3011 sunt.

372 3034 418 3078 In
440 3047 586 3081 monte
602 3039 783 3104 Untang,
800 3034 917 3102 apud
933 3034 1233 3097 urbemKiun,
1259 3028 1529 3080 Coenobiurn
1545 3028 1622 3091 est,
1637 3031 1680 3080 in
1692 3045 1784 3098 quo
1798 3026 1956 3078 sacrifi4

308 3097 394 3149 culi
414 3099 590 3167 degunt.
1924 3163 1952 3214 d

429 3188 433 3192 ·
1817 3169 1921 3232 Apu
