2150 3370
360 1524 555 1571 omnium
564 1533 709 1570 tamen
719 1519 886 1588 superat
894 1520 1204 1569 immanitatem
1214 1518 1529 1586 Zang—wonaehab
1539 1554 1554 1575 ,
1577 1537 1707 1586 quem
1714 1523 2026 1586 Imperatorem

358 1594 575 1641 montium
586 1593 825 1639 Sinicorum
835 1588 1048 1657 appellare
1054 1590 1196 1655 postis.
1230 1593 1275 1638 N
1279 1589 1324 1637 ifi
1335 1590 1455 1655 quod
1470 1588 1715 1638 celebritate
1726 1588 1946 1637 miserandi
1958 1609 2024 1641 ca-

357 1661 421 1710 sus
444 1679 567 1709 mons
594 1663 629 1709 Y
624 1666 764 1710 aimuen
784 1663 828 1708 in
851 1660 1087 1724 Kantonenst
1103 1658 1349 1725 praefectura
1368 1660 1615 1725 proximum
1634 1658 1691 1707 ab
1707 1677 1763 1706 eo
1782 1657 1926 1706 locum
1945 1659 2022 1710 sibi

358 1731 581 1779 vendicare
599 1729 737 1797 potest
751 1767 763 1789 ,
783 1731 837 1779 de
856 1728 974 1792 cujus
989 1730 1146 1777 vertice
1165 1727 1338 1776 ultimus
1359 1746 1414 1776 ex
1429 1727 1588 1777 familia
1608 1731 1739 1795 Sanga
1758 1730 2017 1794 Imperator,

355 1802 542 1847 Tartaris
564 1819 620 1847 ex
637 1803 764 1858 Juena
781 1799 939 1849 familia
950 1817 1131 1867 regnum
1142 1811 1240 1846 ante
1248 1798 1556 1865 quadragintos
1571 1797 1660 1848 fere
1671 1816 1802 1847 annos
1810 1797 2028 1849 destruena

355 1869 468 1916 tibus
483 1904 496 1928 ⁷
513 1873 703 1918 extrema
730 1869 1025 1935 desperatione
1046 1868 1087 1917 se
1108 1885 1207 1916 cum
1228 1870 1444 1934 praecipuo
1462 1867 1632 1916 fixorum
1652 1886 1879 1934 procerum
1892 1906 1907 1928 ,
1929 1887 2022 1918 mu-

356 1939 437 1984 tuis
448 1939 556 1985 inter
565 1936 606 1985 se
617 1937 882 2004 amplexibus
893 1939 1074 1985 intricati
1086 1975 1099 1998 ,
1117 1934 1162 1985 in
1178 1936 1448 2003 profundum
1469 1954 1584 1985 mare
1593 1955 1775 2003 praeceps
1785 1938 1953 2002 injecit,
1971 1957 2021 1987 ac

354 2008 412 2054 ita
427 2008 521 2055 vitae
541 2004 688 2067 simul,
711 2009 967 2074 Imperiique
977 2006 1322 2055 finemin'monte
1332 2009 1363 2055 Υ
1357 2011 1499 2055 aimuen
1509 2043 1522 2067 ,
1538 2005 1822 2070 fluffibusque
1832 2008 2021 2070 Kantom'a

354 2079 407 2122 cis
428 2078 593 2141 reperit.

421 2148 598 2212 Integro
614 2145 758 2193 triduo
776 2148 884 2194 inter
906 2144 1093 2194 horridas
1117 2144 1447 2212 Zang—won—habi
1464 2162 1588 2211 rupes
1599 2183 1612 2206 ,
1629 2164 1678 2194 ac
1696 2147 1926 2213 praecipitia
1937 2145 2019 2195 im-v

351 2213 499 2261 menso
509 2214 653 2262 labore
664 2216 896 2264 conflictati
914 2253 928 2274 ,
952 2214 1111 2263 nullam
1123 2217 1350 2264 hominum
1362 2214 1670 2264 habitationem
1687 2215 1760 2282 (&
1770 2218 1862 2282 quis
1871 2215 2018 2264 huma·

352 2300 413 2329 no
424 2282 557 2330 cultui
577 2282 694 2332 locus
713 2287 757 2332 in
775 2283 949 2333 terribili
970 2287 1141 2351 rupium
1152 2284 1223 2333 illa
1234 2284 1348 2351 quasi
1358 2282 1516 2351 patria)
1526 2284 1600 2333 nisi
1612 2304 1770 2352 pagum
1790 2287 2017 2351 Qantonlou

354 2354 597 2416 reperimus,
634 2356 813 2414 Mirum,
823 2373 907 2420 qua
919 2354 1094 2403 audacia
1103 2354 1328 2403 hominum
1341 2354 1559 2421 quisquam
1579 2358 1623 2402 in
1635 2354 1703 2402 illa
1714 2353 1938 2401 solitudine
1947 2354 2018 2402 ha·

354 2419 611 2469 bitationem
623 2423 755 2490 figere
766 2424 885 2471 ausus
894 2423 956 2472 sit.
991 2427 1126 2490 Pagus
1135 2425 1326 2489 undique
1337 2424 1534 2471 altiffimis
1542 2425 1725 2491 cingitur
1734 2422 1909 2488 rupibus
1922 2458 1934 2481 ,
1950 2441 2017 2471 ca-

353 2493 525 2539 cumine
533 2491 608 2539 suo
619 2491 776 2540 coelum
786 2491 1029 2541 ferientibus
1047 2511 1057 2538 ε
1079 2492 1218 2557 sparsae
1233 2492 1441 2540 hincinde
1458 2495 1501 2540 in
1512 2492 1705 2559 depreffis
1716 2492 1885 2541 vallium
1896 2492 2017 2540 rusti-

354 2576 412 2605 cae
427 2559 516 2622 caſse
526 2597 538 2619 ,
560 2564 605 2610 &
618 2563 739 2627 quod
751 2564 924 2621 mireris,
936 2579 1026 2609 non
1035 2561 1187 2610 desunt
1196 2579 1353 2610 amaena
1364 2558 1557 2628 quaedam
1568 2600 1581 2623 ‚
1602 2580 1650 2610 ac
1667 2560 1815 2610 fertilia
1827 2561 1932 2609 loca.

173 2649 223 2682 24·
232 2642 330 2672 Martii
423 2629 636 2696 Vigefima
657 2644 804 2696 quarta
824 2633 971 2678 Martii
991 2631 1204 2696 oppidum
1234 2634 1309 2680 IN
1324 2632 1533 2679 GTAK
1548 2668 1561 2691 ,
1595 2630 1678 2678 five
1711 2635 1823 2696 Ingte
1844 2667 1858 2690 ,
1891 2631 2015 2696 quod

172 2685 330 2756 ξξῃῖζξῃξ
355 2694 516 2744 sextum
529 2716 584 2746 ex
595 2699 828 2748 minoribus
846 2699 1036 2748 secundae
1046 2700 1305 2765 Metropolis
1320 2704 1521 2769 Qantung
1531 2699 1721 2748 censetur
1734 2735 1746 2758 ,
1762 2699 2014 2766 appulimus

357 2766 442 2810 Hic
452 2784 620 2815 ancoras
633 2769 773 2832 jacere
784 2768 918 2817 coacti
928 2767 1083 2816 fuimus
1095 2806 1109 2830 ,
1125 2771 1247 2836 quod
1257 2770 1681 2836 praecepsfluminis&
1693 2770 1949 2834 impetuosus
1958 2768 2015 2817 la-

356 2831 449 2897 psus
459 2834 763 2899 helcyariorum
782 2856 955 2886 omnem
976 2836 1165 2887 laborem
1185 2839 1421 2905 frangeret,
1441 2840 1516 2905 qui
1535 2840 1634 2886 totis
1644 2838 1832 2886 exhausti
1843 2837 2015 2897 viribus,

356 2918 405 2947 ac
427 2902 609 2951 destituti
625 2907 771 2970 passim
791 2906 1335 2957 exanimescollabebantur.
1366 2908 1499 2958 Unde
1517 2909 1652 2955 caeteri
1665 2908 1790 2972 hujus
1808 2908 2013 2974 tragaediae

355 2967 618 3034 spectatores,
632 2974 924 3041 desperantes,
945 2980 1240 3045 perterritique
1250 2979 1442 3026 certatim
1453 2976 1743 3044 aufugiebant.
1779 2978 1892 3025 Hinc
1907 2974 2012 3023 clas-

354 3036 403 3084 fis
419 3037 556 3087 nostra
575 3041 742 3103 disjesta
760 3082 773 3105 ,
793 3049 839 3094 8<
857 3046 943 3112 ipsa
954 3049 1224 3116 'Legatorum
1234 3046 1361 3107 Jonka
1380 3082 1392 3106 ,
1410 3047 1669 3113 rapidiffimo
1686 3045 1825 3094 relksta
1843 3045 2011 3093 flumini

350 3122 457 3157 caeca
467 3107 543 3156 sub
553 3111 676 3160 undis
686 3112 795 3163 allisa
804 3118 900 3181 rupi
908 3154 924 3177 ,
943 3134 1104 3184 magno
1114 3117 1233 3167 hiatu
1243 3135 1397 3183 aquam
1408 3115 1626 3166 hauriebat
1636 3152 1650 3177 ,
1670 3133 1718 3164 ac
1728 3114 1803 3163 nisi
1814 3113 2010 3179 impenso

1860 3200 2010 3230 omnes

2144 2871 2150 2906 i
