2114 3412
369 118 436 177 ad
445 121 759 202 Magnum
776 116 1034 179 Tartariae
1053 121 1272 202 Sinaeque
1291 117 1547 197 Chammm.
1696 140 1717 177 1
1732 141 1750 189 ς
1763 143 1792 188 9

132 223 317 274 habitata
338 224 539 284 aedificia3
565 224 809 289 cumplures
819 238 946 288 quam
967 222 1147 272 sedecim
1162 224 1274 271 mille
1286 225 1531 272 hominesin
1546 223 1708 272 Palatio
1719 225 1790 272 dcn

129 307 232 360 gant
253 311 262 338 ε
285 293 397 341 est&
409 293 917 360 gerontophrophium‚in
936 311 1024 359 quo
1034 293 1358 359 senesdecrepiti
1372 293 1550 342 aluntur.

198 365 361 410 Omnia
380 362 552 409 aedificia
581 365 690 409 intus
709 361 914 426 extusque
935 363 1339 428 magnificentissima
1363 399 1376 423 ‚
1404 381 1506 410 auro
1527 365 1572 410 8(
1591 363 1730 410 statuis
1740 382 1788 410 ac

129 449 262 497 opere
272 433 480 496 Topiario
490 434 546 478 ita
557 445 824 489 exornata‚ut
835 430 1113 496 speirantibus
1124 431 1335 495 stuporem
1349 450 1430 496 prae
1442 433 1718 480 admiratione
1727 435 1788 479 in-

126 502 290 566 jiciant.
319 501 352 546 F
354 499 591 565 rontispicia
608 501 759 548 aedium
771 501 899 548 firmis
917 499 1122 547 columnis
1132 499 1421 548 suffulciuntur
1438 500 1584 565 amplis
1604 520 1658 548 ex
1676 500 1787 549 secio

130 587 341 616 marmore
359 568 604 616 ambulacris
623 570 828 618 decorata.
869 569 1090 635 Qicquid
1111 568 1325 636 lignorum
1346 568 1555 635 lapidibus
1572 570 1788 628 insertum,

58 642 61 643 ⁷
128 637 240 686 Iacca
264 641 322 686 cie
344 638 495 686 illitum
513 677 525 697 ,
548 654 621 686 aut
641 657 744 686 auro
767 638 1000 686 obdu&um
1011 641 1203 686 cernitur.
1232 638 1369 686 Τεᾶει
1381 638 1689 688 flavis&inssar
1700 642 1789 687 auri

129 706 228 754 Sole
237 706 428 774 fulgente
447 707 807 773 resplendentibus
819 742 832 762 ‚
851 711 905 755 cx
918 706 1010 755 luto
1022 708 1147 755 coffls
1157 707 1399 755 imbricibus
1411 707 1690 774 pulcherrime
1709 712 1788 755 mi-

129 791 228 825 cant
246 796 255 822 :
280 777 397 824 unde
418 795 533 824 error
553 791 668 824 ortus
690 794 792 825 auro
803 794 912 842 puro
925 776 1069 825 Palatii
1088 777 1194 825 τεᾶει
1214 776 1412 825 constare.
1449 775 1631 844 Singulae
1640 778 1792 846 tegula:

130 845 251 894 clavo
266 847 641 912 caputinauratum
654 847 873 894 firmantur
897 866 906 892 :
926 860 974 894 ut
996 845 1101 895 nihil
1118 849 1161 894 in
1185 846 1343 894 Palatio
1361 884 1373 907 ,
1397 848 1518 913 quod
1536 864 1625 893 non
1636 846 1683 894 sit
1694 848 1796 895 flavi

132 917 178 963 8<
202 918 305 981 regii
326 914 477 962 coloris
490 954 502 974 ‚
524 914 810 981 conspiciatur.

201 988 349 1032 Praeter
366 983 477 1031 illam
497 983 640 1032 illuvie
661 987 707 1033 8<
727 987 916 1051 gramine
933 984 1092 1033 foedam
1102 983 1247 1032 fossam
1265 1019 1279 1039 ‚
1299 983 1376 1032 alia
1390 984 1530 1032 adhuc
1542 983 1797 1050 profundior

130 1052 283 1101 crebris
293 1054 508 1101 maeandris
516 1071 591 1118 per
603 1067 737 1101 totam
748 1053 886 1101 aulam
897 1053 1099 1109 discurrit,
1111 1072 1158 1101 ac
1167 1056 1300 1102 varios
1312 1053 1420 1101 lacus
1427 1052 1542 1107 facit,
1555 1054 1713 1114 hortos,
1726 1057 1797 1100 Pa-

59 1172 64 1176 „
130 1122 283 1170 radisos
292 1157 306 1178 ,
328 1122 444 1170 lucos
454 1125 597 1189 irrigat
611 1125 656 1171 8<
669 1123 895 1171 humeEiat.
934 1126 1036 1169 Haec
1046 1121 1148 1169 foffa
1162 1140 1286 1188 aquas
1296 1123 1382 1170 suas
1405 1142 1459 1170 ex
1478 1123 1613 1170 fluvio
1628 1125 1661 1169 Υ
1657 1143 1676 1169 0
1691 1158 1702 1182 ‚
1724 1141 1799 1170 eu-

127 1191 196 1255 jus
206 1192 397 1240 fontesin
414 1191 629 1240 montibus
640 1196 799 1250 Joci'verz
822 1211 879 1239 ex
902 1191 1059 1257 palude
1070 1195 1111 1239 Si
1128 1193 1322 1238 oriuntur
1336 1229 1347 1250 ,
1365 1194 1544 1256 accipit3
1564 1205 1677 1239 tanta
1698 1210 1797 1257 pro-

130 1262 342 1311 funditate
358 1301 369 1319 ,
391 1275 438 1309 ut
449 1279 698 1333 magnarum
713 1264 887 1310 navium
899 1259 947 1308 fit
956 1261 1098 1320 ferax,
1120 1263 1166 1309 8<
1177 1262 1268 1325 ejus
1284 1260 1501 1308 beneficio
1513 1264 1712 1307 onerariae
1731 1279 1799 1307 na-

129 1347 202 1379 ves
221 1334 264 1378 in
286 1331 414 1398 ipsam
435 1330 570 1378 aulam
593 1349 754 1379 merces
774 1330 859 1378 suas
883 1330 1087 1380 deferant.
1123 1330 1244 1378 Idem
1266 1330 1419 1377 fluvius
1435 1332 1545 1377 rivos
1564 1329 1656 1376 suos
1667 1329 1708 1376 in
1722 1330 1799 1377 hac

129 1400 224 1448 aula
235 1419 311 1467 per
321 1415 407 1448 arte
417 1400 547 1448 facies
555 1414 718 1448 montes
737 1403 782 1448 8<
794 1418 916 1466 rupes
929 1399 1140 1466 dispergi-t.
1177 1401 1283 1446 Non
1295 1399 1372 1446 alia
1383 1401 1424 1446 in
1436 1418 1480 1446 re
1491 1398 1636 1446 clarius
1648 1401 1800 1446 Sinen-

130 1468 236 1517 fium
249 1472 484 1537 ingenium,
494 1488 623 1535 quam
634 1471 679 1516 in
690 1469 907 1517 montibus
919 1468 1129 1532 ejusmodi
1141 1467 1366 1516 artificiofis
1374 1468 1659 1526 elucescit,ubi
1670 1470 1801 1534 ipsam

131 1554 324 1587 naturam
346 1537 537 1604 superare
560 1540 770 1586 videntur.
817 1542 888 1586 Ex
906 1536 1117 1605 lapidibus
1142 1540 1188 1585 8<
1211 1534 1419 1585 marmore
1428 1538 1538 1586 fiunt
1549 1573 1561 1595 ,
1579 1538 1679 1584 hinc
1698 1539 1800 1584 inde

130 1608 308 1665 floribus
318 1610 364 1656 8<
375 1607 593 1655 arboribus
603 1606 780 1672 pulchre
791 1610 998 1656 exornati.
1027 1609 1250 1655 Ditiorum
1262 1609 1308 1654 8<
1319 1608 1675 1655 Mandarinorum
1688 1608 1801 1655 horti

133 1694 181 1724 ac
192 1677 353 1725 Palatio
364 1679 410 1724 iis
425 1677 684 1742 superbiunt.
720 1680 770 1724 In
782 1676 999 1742 Pekingenfi
1003 1678 1215 1724 territorio
1227 1679 1514 1741 reperiuntur,
1524 1679 1597 1742 qui
1613 1693 1699 1723 non
1713 1677 1800 1742 spe-

131 1744 271 1795 luncas
280 1746 436 1806 modo,
458 1764 604 1793 verum
616 1745 809 1793 cubicula
821 1783 832 1805 ,
848 1745 960 1793 aulas
973 1785 987 1806 ‚
1011 1744 1153 1804 scalas,
1171 1748 1327 1795 vivaria
1348 1749 1393 1794 8(
1416 1748 1553 1793 omnis
1565 1747 1727 1813 generis
1736 1763 1799 1793 ar-

132 1814 255 1864 bores
266 1815 446 1875 habent,
468 1829 582 1863 tanta
604 1830 691 1863 arte
704 1854 716 1875 ,
736 1829 786 1862 ut
808 1817 1007 1881 Europaei
1023 1814 1151 1863 nostri
1164 1815 1345 1881 palmam
1360 1817 1466 1863 Sinis
1477 1815 1715 1862 concedere
1726 1833 1796 1861 co-

132 1900 295 1952 gantur.
331 1885 438 1934 Usus
447 1886 601 1933 horum
614 1888 827 1933 montium
839 1898 926 1932 arte
938 1885 1144 1934 fa&oru1n
1155 1884 1228 1939 est,
1244 1884 1352 1932 Solis
1361 1885 1526 1932 ardores
1536 1883 1678 1931 aestivo
1692 1897 1796 1931 tem-

132 1973 240 2020 pore
253 1954 473 2023 gratiffima
485 1953 635 2002 umbra
646 1957 692 2003 8(
705 1952 859 2021 frigida
871 1971 970 2002 aura
979 1954 1173 2021 frangere
1185 1988 1198 2008 2
1217 1953 1557 2020 spiritusreficcre
1573 1991 1586 2011 ,
1600 1956 1796 2001 convivia

131 2022 342 2072 celebrare
352 2026 397 2072 8(
410 2024 550 2071 studiis
560 2023 818 2070 incumbere.
1356 2071 1357 2074 ,

204 2096 326 2153 Sunt,
337 2095 380 2140 in
395 2092 548 2158 quibus
558 2093 811 2158 Labyrinthi
823 2105 889 2140 tot
901 2090 1108 2139 erroribus
1117 2091 1293 2147 confiifi,
1304 2105 1351 2139 ut
1363 2094 1435 2139 vix
1445 2094 1571 2139 trium
1581 2089 1712 2156 spatio
1724 2090 1798 2137 lio-

133 2179 272 2210 rarum
285 2164 447 2210 emetiri
460 2162 593 2227 possis.
632 2166 860 2210 Innumera
870 2160 948 2209 alia
961 2160 1055 2208 sunt
1067 2198 1079 2219 ,
1096 2179 1187 2225 quae
1200 2162 1331 2209 fidem
1341 2165 1386 2209 8(
1399 2162 1721 2208 admirationem
1735 2158 1797 2206 su-

136 2245 306 2296 perant:
319 2231 390 2278 sed
402 2230 467 2278 vel
479 2249 534 2278 ex
546 2231 608 2278 his
616 2230 790 2289 constat,
801 2244 984 2295 quantus
996 2229 1098 2276 aulae
1110 2233 1155 2278 8(
1166 2231 1278 2278 urbis
1283 2230 1517 2296 Peltingmfis
1527 2229 1727 2294 splendor
1737 2226 1798 2288 fit,

137 2319 229 2366 quae
241 2300 548 2365 compendium
561 2301 691 2347 totius
701 2302 871 2365 Imperii
884 2300 1011 2346 Sinici
1024 2297 1093 2344 est.

206 2372 343 2417 Moris
355 2369 527 2434 Pekmgae
548 2368 630 2428 est,
649 2367 724 2415 ubi
736 2370 778 2414 in
791 2367 1017 2432 conspe&u
1028 2369 1295 2431 Imperatoris
1313 2368 1628 2433 comparuerint
1640 2401 1654 2420 ‚
1676 2382 1798 2433 argu-

137 2454 285 2486 mento
298 2438 517 2504 praesentiae
531 2436 723 2485 transiisse
739 2437 818 2484 hac
829 2438 933 2495 vice,
942 2449 991 2483 ut
1001 2435 1132 2482 tribus
1144 2436 1293 2482 ordine
1304 2437 1587 2502 Imperatoriis
1597 2438 1800 2483 conviviis

137 2511 401 2574 excipiantur
411 2510 562 2574 Legati
578 2510 770 2574 gentium
784 2508 1094 2570 nationumque
1104 2539 1116 2559 ,
1138 2522 1322 2569 quorum
1334 2503 1493 2572 fingula
1505 2505 1717 2552 decennio
1727 2506 1801 2551 cir-

140 2592 420 2645 cumaguntur
430 2614 442 2636 ,
459 2578 626 2643 integro
638 2575 779 2623 mense
787 2575 838 2622 ad
850 2577 1074 2622 exafflionem
1086 2573 1297 2639 requifito.
1337 2578 1399 2621 At
1412 2576 1511 2639 quia
1519 2573 1707 2620 celeriori
1718 2571 1802 2620 Le-

141 2647 388 2710 gatisreditu
402 2662 509 2712 opus
518 2659 625 2700 erat,
643 2662 771 2711 quam
783 2659 830 2692 ut
840 2658 927 2692 tam
939 2644 1013 2690 diu
1021 2641 1205 2690 solennia
1215 2642 1802 2708 expe&are11t,intereeffione

142 2714 321 2779 supremi
332 2714 583 2764 Cancellarii
603 2733 691 2762 non
714 2713 868 2779 absque
881 2713 1020 2761 multis
1031 2712 1230 2760 instantiis
1239 2714 1468 2760 obtentum
1485 2711 1587 2769 fuit,
1604 2725 1654 2758 ut
1671 2712 1801 2759 tribus

142 2786 349 2831 continuo
367 2785 518 2832 ordine
530 2784 677 2832 diebus
688 2786 892 2831 conviviis
901 2781 1228 2830 absolverentur.
1359 2796 1362 2797 ’

215 2854 405 2900 Secunda
417 2853 510 2919 post
522 2855 739 2901 meridiem
752 2852 855 2899 hora
867 2851 1168 2915 ejusdam-qua
1183 2855 1320 2915 Magni
1329 2852 1452 2897 chami
1463 2848 1676 2913 praesentia
1685 2849 1799 2897 fruiti

142 2920 353 2969 fueramus
360 2956 374 2977 ,
391 2924 664 2971 Mandarinus
675 2924 887 2969 Pinxentou
897 2920 1052 2985 aliique
1063 2918 1316 2981 Kamonensi’s
1328 2951 1341 2974 ,
1360 2921 1433 2983 qui
1447 2916 1649 2984 Pekingam
1658 2934 1734 2966 nos
1743 2918 1800 2965 se-

143 2991 354 3038 duxerant
370 3024 384 3044 ,
413 2993 678 3057 Imperatoris
698 2993 874 3038 nomine
892 2991 1071 3037 domurn
1093 2985 1207 3050 Ligna·
1221 3025 1233 3047 ,
1248 2986 1323 3053 qui
1344 2986 1410 3035 vel
1431 2986 1717 3035 Cancellarius
1735 2987 1799 3035 vel

141 3061 285 3126 Regni
299 3058 516 3109 Praefectus
532 3063 671 3109 vocari
690 3059 845 3126 potest,
856 3061 1018 3125 evocati
1033 3058 1085 3106 ad
1096 3054 1364 3122 splendidum
1375 3059 1623 3107 convivi-um·
1633 3057 1799 3104 fuimus.

1651 3128 1801 3192 Legati
