2114 3412
332 157 355 196 1
369 154 431 193 12
679 122 1036 209 Parsfhcuncla
1057 119 1337 210 Legatiomls
1358 125 1624 184 Patavicae

330 250 498 307 gentur.
534 235 593 281 Et
605 231 705 296 quia
714 229 832 296 palus
852 228 976 278 altior
996 229 1326 293 circumjacente
1347 231 1526 296 regione
1547 228 1720 288 humili,
1744 227 1845 278 οξὶο
1866 233 2005 279 conti·
2044 261 2046 263 ·

331 325 425 375 guae
435 301 770 360 cataraRae,Sinis
779 299 969 366 Tungsea,
980 300 1068 346 vim
1080 317 1285 365 aquarum
1297 297 1620 347 incumbentem
1632 318 1687 347 ex
1697 298 1783 347 alto
1792 303 2007 350 coercent.
2037 360 2039 362 v

332 375 409 424 Ad
422 371 585 439 paludis
594 387 728 418 unum
740 368 846 417 latus
865 367 1031 428 canalis,
1048 368 1272 437 aggeribus
1282 371 1496 434 utrimque
1508 367 1866 429 incumbentibus,
1880 388 2008 420 naves

332 442 589 501 transmittit,
603 459 657 488 ne
668 438 870 506 paludem
880 436 1050 486 tranfire
1059 452 1278 505 cogantur.
1316 438 1437 487 Οᾶο
1445 436 1613 506 singulis
1620 438 1832 487 cataraffis
1847 439 2006 487 robusti

333 516 413 562 viri
424 512 594 577 sumptu
606 508 797 576 publico,
807 510 881 575 qui
894 507 1071 556 navibus
1083 508 1246 556 aditum
1258 510 1462 574 aperiant,
1471 507 1975 575 claudantque,praefe<5ii.

404 586 466 630 lta
478 580 667 647 prove&
680 579 783 629 fossa
793 581 897 636 Jtmo
912 615 924 638 ,
943 578 1153 644 Nanltinga
1161 577 1255 644 post
1267 591 1433 644 tergum
1445 576 1584 625 relifia
1596 615 1608 638 ,
1619 586 1682 629 X
1682 594 1897 646 antmigam,
1907 576 1944 640 ej
1950 578 2011 627 us-

334 669 420 717 que
439 654 627 716 primum
643 648 759 697 sexta
768 649 886 717 Junii
897 665 1059 715 pagum
1083 646 1274 711 KiaaeKia
1293 645 1543 713 appulimus.
1965 695 1970 702 μ,

171 726 294 772 Ψῐῑλῖ
408 724 634 785 Xantungae
655 716 866 776 Australe,
876 716 1102 765 Orientale
1115 720 1161 766 &
1173 716 1347 765 Boreale
1358 716 1463 764 latus
1475 719 1661 764 Oceano
1671 714 1840 764 alluitur
1853 754 1864 776 ,
1886 732 2006 766 caete-

151 768 319 848 ἓῖἷῖἶιιῧὲπ
338 807 379 837 ra
392 790 446 837 ad
459 790 748 838 Occidentem
761 785 1008 834 fluminibus
1020 788 1220 854 cingitur,
1229 787 1285 834 ita
1296 786 1488 852 undique
1497 784 1744 853 navigabilis
1757 785 1828 833 est.
1857 786 2010 835 Versus

151 848 320 890 descriptio.
340 859 685 924 Septentrionem
701 859 843 922 Peking
853 891 867 910 ,
884 858 929 902 in
940 855 1143 904 Austrum
1168 856 1359 922 Nanking
1381 855 1463 919 fitae
1482 855 1578 904 sunt
1589 894 1603 915 ,
1627 856 1747 921 :iqua
1761 873 1836 921 per
1847 856 2011 904 flumen

339 933 505 977 &orcum
521 927 742 992 separatur.
786 924 972 991 Reliqua
994 924 1167 973 Canalis
1188 927 1351 993 Regius
1362 923 1447 983 Jun
1468 960 1483 980 ‚
1507 927 1553 987 8<
1577 924 1730 972 fluvius
1748 929 1842 973 Guei
1865 925 2013 975 ambit.

337 1000 486 1064 Regio
505 999 644 1043 omnis
661 994 978 1043 frumentorum
999 997 1045 1043 &
1056 986 1366 1060 esculentorum
1376 994 1578 1056 ferax,ob
1588 993 1793 1059 paludum
1805 997 1850 1043 8<
1862 995 2015 1055 fluvio—

338 1085 434 1116 rum
446 1068 644 1133 irriguam
653 1066 827 1131 copiam
839 1102 852 1124 ,
870 1079 958 1112 tam
970 1064 1093 1112 uberi
1105 1079 1319 1131 proventu
1332 1102 1345 1125 ,
1365 1079 1414 1112 ut
1424 1067 1547 1112 unius
1558 1067 1658 1112 anni
1667 1062 1853 1112 fertilitas
1862 1064 2015 1114 decem

339 1154 551 1184 annorum
571 1148 862 1183 commeatum
882 1133 1032 1181 incolis
1054 1134 1322 1200 suppeditare
1335 1135 1512 1182 dicatur.
1542 1135 1706 1182 Avium
1718 1171 1730 1194 ,
1740 1134 2016 1201 ferarumque

340 1204 621 1271 copiosissima
640 1206 816 1252 venatio
834 1222 844 1249 ε
865 1221 983 1269 aquae
994 1203 1175 1269 piscibus
1194 1204 1352 1252 scatent
1371 1223 1381 1249 ε
1401 1205 1551 1252 decem
1564 1203 1678 1251 librae
1688 1217 1872 1269 quatuor
1880 1203 2020 1252 obolis

339 1289 552 1323 emuntur.
588 1275 775 1322 Sericum
784 1290 872 1320 non
885 1274 908 1320 a
919 1272 1226 1338 bombycibus,
1249 1289 1297 1321 ut
1308 1273 1406 1322 alibi
1419 1311 1431 1334 ,
1449 1272 1517 1323 sed
1529 1272 1614 1322 alio
1625 1276 1835 1320 vermium
1849 1291 2020 1341 genere,

339 1345 463 1411 quod
486 1344 601 1391 haud
621 1341 809 1391 absimile
830 1345 963 1391 erucis
985 1342 1044 1390 est
1055 1379 1068 1402 ,
1091 1361 1168 1408 per
1193 1343 1394 1391 arborum
1415 1362 1553 1391 ramos
1573 1342 1720 1407 passim
1739 1343 2011 1408 producitur:

339 1414 455 1461 unde
469 1415 615 1461 tenuia
635 1411 704 1461 fila
722 1411 845 1459 instar
857 1411 979 1460 instar
994 1411 1173 1460 telarum
1182 1431 1339 1460 araneae
1351 1415 1373 1460 a
1386 1415 1492 1460 Sinis
1504 1411 1676 1459 collefia
1685 1449 1696 1471 ,
1708 1413 1873 1460 sericeas
1882 1409 2015 1461 vestes

340 1483 628 1548 suppeditant.
665 1486 820 1550 Ingens
828 1499 1035 1547 pyrorum
1043 1516 1057 1536 2
1065 1481 1350 1531 castanearum
1362 1485 1409 1546 &
1425 1499 1661 1549 prunorum
1669 1484 1818 1548 copia,
1836 1499 1930 1548 quae
1940 1500 2015 1531 cae-

341 1555 437 1600 teris
447 1550 717 1618 Regionibus
724 1553 1117 1599 communicantur.'

157 1617 316 1692 rfficffig-
410 1621 563 1669 Incolae
574 1621 668 1669 rudi
680 1622 858 1688 ingenio
869 1657 882 1680 ,
892 1623 1017 1686 pauci
1028 1620 1263 1668 do&rinam
1274 1617 1451 1686 capiunt
1465 1660 1477 1681 ,
1499 1638 1652 1687 corpus
1664 1619 1851 1669 validum
1863 1619 2015 1670 laboris

158 1702 207 1735 les.
344 1693 389 1740 &
398 1690 563 1759 frigoris
571 1689 766 1744 toleranS,
778 1690 1101 1738 animusaudax.
1126 1692 1251 1737 Pueri
1262 1690 1383 1738 nudo
1395 1708 1577 1756 corpore
1587 1693 1631 1737 in
1642 1690 1775 1756 glacie
1788 1693 1834 1739 &
1846 1690 2015 1739 nivibus

339 1760 586 1810 volutantur
598 1798 610 1820 ,
626 1763 807 1826 rigentes
817 1778 944 1826 aquas
966 1758 1172 1817 infiliunt‚
1193 1777 1278 1824 qua
1288 1762 1414 1829 etiam
1425 1760 1826 1825 inlucemprognati
1837 1759 2014 1808 abluun-

338 1844 420 1878 tur.
457 1831 713 1877 Latrociniis
723 1828 874 1885 dediti,
886 1832 931 1877 8<
941 1831 984 1875 in
996 1831 1205 1877 exercitus
1213 1827 1321 1895 saepe
1330 1830 1581 1894 praedonum
1594 1834 1766 1876 coeunt.
1800 1828 1941 1877 Multa
1954 1829 2014 1877 ul-

337 1901 446 1947 timo
456 1897 572 1947 bello
583 1899 683 1964 passi
691 1935 704 1958 ,
723 1899 846 1963 quod
856 1897 1138 1947 indomabiles
1152 1899 1338 1946 Tartaris
1348 1916 1463 1947 nunc
1472 1898 1664 1946 faverent
1674 1931 1689 1952 ,
1707 1899 1846 1946 modo
1856 1901 2010 1946 iterum

338 1968 393 2015 ab
416 1970 464 2015 iis
477 1967 720 2015 deficerent.

407 2035 678 2102 Metropoles
689 2036 760 2084 sex
771 2037 878 2095 sunt,
887 2035 1012 2085 urbes
1021 2039 1252 2103 nonaginta
1264 2037 1358 2085 duae
1369 2074 1381 2097 ,
1399 2037 1603 2086 tredecim
1612 2037 1884 2102 munitiones.
1911 2039 2015 2085 Mc-

337 2105 529 2172 tropoles
547 2105 641 2153 sunt
661 2107 793 2166 Cinan,
812 2105 969 2153 Tencheu
980 2112 1002 2161 ,³
1016 2104 1248 2173 Ttmgchaszg
1261 2146 1273 2165 ,
1304 2108 1501 2172 Cirggcheu,
1520 2107 1718 2172 'Tengcheu
1731 2108 1776 2154 8<
1788 2106 1964 2155 Laicheu.

411 2178 453 2222 C
471 2193 559 2221 INA
576 2193 604 2220 N
626 2177 762 2241 prima
782 2176 1014 2222 Provinciae
1034 2174 1292 2240 Metropolis
1315 2178 1337 2223 a
1363 2179 1403 2224 cz·
1422 2178 1611 2223 maximo
1631 2176 1757 2240 hujus
1781 2177 2012 2224 Provinciae

339 2244 478 2292 fluvio
489 2262 649 2292 nomen
661 2244 810 2303 habet,
829 2261 878 2292 ac
895 2242 1001 2291 olim
1019 2243 1138 2293 isthic
1159 2246 1332 2311 Regum
1355 2248 1402 2307 Cy
1421 2258 1509 2292 erat
1519 2246 1680 2312 Regia,
1697 2243 1850 2309 quibus
1861 2244 2013 2291 exstin-

341 2313 415 2361 &is
425 2313 480 2361 ab
492 2317 616 2362 Hana
628 2312 799 2360 Familia
810 2312 905 2360 urbi
918 2314 1029 2361 [inan
1041 2330 1200 2361 nomen
1213 2313 1370 2362 faffiium
1381 2349 1395 2370 ,
1408 2315 1508 2379 quia
1516 2332 1614 2362 vere
1626 2314 1680 2361 ad
1693 2314 1734 2361 Ci
1747 2311 1932 2360 fluminis
1942 2332 2013 2361 au-

342 2381 508 2430 stralem
530 2398 691 2448 partem
699 2383 810 2447 jacet
827 2419 839 2442 ,
860 2382 982 2448 quod
1008 2385 1119 2431 Cinam
1137 2381 1354 2449 fignificat.
1388 2387 1493 2431 Haec
1502 2383 1777 2431 aedificiorum
1789 2380 2012 2446 splendore

343 2468 392 2498 ac
403 2453 698 2518 magnitudine
717 2451 874 2517 inclyta
885 2450 1091 2517 paludoso
1099 2452 1211 2513 jacet
1228 2452 1346 2511 loco,
1367 2451 1538 2500 lacubus
1549 2453 1652 2499 iutra
1665 2453 1711 2499 &
1723 2465 1839 2498 extra
1851 2453 2013 2511 maenia,

342 2522 557 2587 praecipue
575 2522 628 2568 ad
648 2522 873 2568 occiduam
895 2522 1072 2569 civitatis
1095 2535 1260 2586 partem
1282 2520 1375 2569 lacu
1394 2519 1595 2586 Taiming,
1612 2538 1667 2567 ex
1688 2537 1777 2584 quo
1795 2520 1946 2568 canalis
1957 2521 2011 2568 ad

344 2589 482 2637 lacum
506 2590 646 2655 Choyng
667 2592 774 2637 intra
798 2590 947 2637 eadem
969 2592 1116 2638 maenia
1138 2591 1344 2649 excurrit,
1363 2609 1419 2638 ex
1439 2589 1592 2656 quibus
1610 2589 2014 2638 Sinarumindustria

344 2677 422 2723 per
443 2659 677 2706 universam
698 2658 849 2707 urbem
870 2658 985 2706 ducii
1005 2659 1167 2707 canales
1185 2677 1280 2708 eam
1303 2658 1465 2725 ubique
1490 2656 1688 2706 naviculis
1712 2660 1901 2723 perviam
1921 2659 2014 2706 red-

345 2727 476 2787 dunt,
497 2728 793 2783 nihilominus,
813 2730 979 2796 ingenti
991 2730 1192 2793 pontium
1213 2748 1268 2777 ex
1288 2727 1399 2777 secio
1409 2727 1550 2794 lapide
1561 2726 1776 2774 firmissimi
1788 2729 1928 2793 operis
1938 2746 2015 2775 nu-

347 2813 484 2851 rner0,
495 2794 676 2862 pedibus
685 2797 821 2845 ubivis
835 2795 1022 2845 transitus
1035 2798 1171 2845 datur.
1200 2802 1312 2846 Inter
1321 2815 1427 2863 quos
1436 2813 1544 2863 pons
1554 2797 1677 2843 ‘Pehoa
1689 2796 1877 2862 pluribus
1886 2796 2014 2845 forni-

350 2864 467 2911 cibus
483 2882 671 2915 arcuatus
692 2869 852 2925 eminet
867 2901 883 2922 ,
916 2869 990 2932 qui
1011 2865 1187 2914 insulam
1206 2868 1512 2934 cognominem
1530 2867 1574 2914 in
1595 2866 1711 2913 dieto
1727 2866 1821 2914 lacu
1837 2865 2014 2932 Taiming

351 2934 566 2982 conneffit
577 2970 591 2990 ,
612 2938 819 3002 contiguo
835 2937 890 2984 ad
901 2935 1073 2984 alteram
1091 2935 1222 3002 usque
1241 2937 1374 3000 ripam
1396 2933 1526 2983 dufiu
1546 2953 1557 2980 ε
1576 2935 1630 2982 ad
1648 2935 1763 2983 urbis
1774 2932 2011 2984 Australem

351 3015 515 3065 partem
528 3004 618 3050 duo
640 3004 761 3070 supra
781 3005 1048 3072 septuaginta
1067 3019 1344 3053 numerantur
1361 3004 1523 3062 fontes,
1544 3022 1600 3052 ex
1619 3006 1666 3052 iis
1683 3007 1807 3066 Kiuto
1828 3001 2012 3068 reliquos

349 3087 470 3136 aquae
479 3072 710 3137 praestantia
721 3073 897 3140 superat.
922 3070 1167 3135 ‘Idolorum,
1176 3072 1440 3139 heroumque
1451 3074 1520 3122 hic
1529 3073 1622 3123 fana
1636 3071 1815 3139 plurima
1825 3107 1841 3130 ‚
1858 3071 1928 3119 sed
1939 3072 2012 3121 de-.

1914 3157 2009 3188 cem
