2114 3412
285 1517 333 1547 ac
342 1498 532 1560 humiles,
540 1511 736 1548 caeterum
743 1496 968 1547 illustribus
977 1495 1156 1566 plenum
1167 1497 1412 1567 Pagodibus
1422 1535 1435 1560 ‚
1455 1515 1568 1565 quos
1577 1499 1687 1547 inter
1696 1516 1780 1564 prae
1789 1495 1963 1566 reliquis

284 1584 403 1617 extra
424 1587 566 1617 muros
583 1586 720 1635 prope
739 1569 904 1617 flumen
924 1568 1228 1635 spe&atoribus
1249 1569 1576 1618 admirationem
1588 1568 1768 1617 artificio
1778 1567 1853 1616 suo
1868 1587 1962 1617 mo-

285 1657 384 1687 vere
395 1653 574 1705 poterat.
608 1641 719 1687 Tres
742 1641 1086 1706 contignationes
1102 1638 1332 1688 fornicatae.
1361 1643 1475 1688 Lato
1488 1640 1590 1706 pedi
1600 1637 1748 1693 saxeo,
1768 1639 1812 1685 in
1830 1657 1961 1704 quem

284 1709 386 1758 odio
404 1710 555 1777 gradus
568 1708 803 1763 ducebant2
818 1709 1122 1757 innitebantur.
1155 1709 1311 1757 Infima
1331 1711 1493 1777 magnis
1512 1707 1643 1756 veluti
1657 1709 1788 1775 portis
1797 1707 1865 1756 vel
1873 1707 1961 1757 for-

283 1778 447 1826 nicibus
456 1781 601 1844 pervia
613 1777 821 1826 columnis
842 1779 896 1826 ad
917 1777 1047 1827 latera
1057 1777 1146 1826 altis
1155 1777 1322 1827 suffulta
1334 1815 1346 1837 ‚
1366 1779 1520 1845 quibus
1540 1777 1748 1826 tefiorum
1759 1796 1815 1825 ex
1825 1780 1960 1843 prima

282 1849 609 1915 contignatione
631 1847 765 1896 moles
787 1848 1011 1896 incumbit.
1056 1850 1210 1897 Media
1228 1848 1508 1896 foraminibus
1525 1846 1797 1912 fenestrisque
1817 1850 1962 1895 Sinico

281 1934 424 1976 more,
447 1916 741 1982 columnifiqtie
759 1917 919 1965 tectum
934 1917 1259 1966 sustentantibus
1269 1918 1513 1965 ornabatur.
1550 1920 1756 1981 Suprema
1768 1915 1960 1979 ejusdcm

280 1985 437 2033 formae.
485 1986 755 2034 Extrinsecus
782 1988 902 2033 variae
931 1987 1101 2052 picturae
1118 2024 1132 2045 ,
1168 1986 1336 2051 aliaque
1371 1986 1665 2033 statuariorum
1699 2001 1958 2034 ornamenta.

95 2044 229 2118 ξζξξῐῇξ
282 2054 418 2102 Tecta
431 2092 444 2114 ,
462 2073 645 2120 quorum
658 2057 954 2119 prominentiis
968 2054 1163 2119 cymbala
1183 2073 1287 2102 aerea
1305 2054 1674 2120 appendebantur,
1687 2054 1960 2103 Draconibus

94 2129 253 2169 subjiciun·
283 2123 558 2189 monstrisque
573 2123 742 2172 obsessa.
779 2124 1172 2187 Sedinterioraejus
1184 2123 1270 2172 fine
1280 2138 1451 2172 ornatu:
1466 2122 1959 2190 Simulacraparictiplu-

95 2178 151 2203 ‘ur'
282 2196 387 2240 rima
397 2193 552 2259 triplici
572 2194 723 2240 ordine
742 2194 899 2240 innixa.
936 2192 985 2239 ld
1006 2192 1245 2241 Sinensium
1264 2192 1515 2260 religionem
1538 2194 1700 2260 arguit,
1719 2193 1839 2257 quod
1864 2208 1961 2242 toto

280 2265 470 2329 Imperio
492 2281 612 2326 aeque
634 2264 775 2330 gravia
794 2263 973 2329 Pagodis
983 2261 1141 2309 tributa
1160 2281 1207 2310 ac
1219 2266 1480 2328 privatorum
1498 2261 1962 2329 poffessionibusimpe-

280 2348 443 2391 rantur,
462 2333 579 2380 unde
590 2333 744 2380 reditus
763 2329 1116 2392 Sacrificulorum‚
1126 2349 1372 2398 quanquam
1391 2334 1606 2398 ingente6‚
1626 2330 1959 2380 multumimmi-
2096 2362 2099 2406 ζ

282 2404 357 2448 nui
369 2401 516 2449 solens.
2095 2414 2099 2464 ξ

352 2473 513 2537 Neque
551 2472 702 2519 eadem
745 2474 789 2518 in
829 2470 1241 2536 Septentrionalibus
1270 2473 1497 2520 Provinciis
1523 2507 1537 2530 ,
1581 2488 1675 2536 quae
1703 2470 1837 2518 versus
1866 2476 1959 2520 Au·
2043 2508 2046 2512 Α
2094 2482 2097 2509 ³

281 2538 409 2587 strum
425 2539 646 2589 Idolorum
664 2539 840 2588 cultura.
890 2541 1039 2588 Paffim
1058 2541 1269 2606 prostratae
1292 2541 1577 2608 neglectaeque
1594 2541 1736 2603 jacent
1757 2542 1959 2607 imagines
2093 2514 2097 2565 l

280 2607 356 2655 sub
369 2611 593 2678 puroJove
605 2647 617 2669 ,
645 2612 691 2657 8(
702 2609 773 2657 vili
791 2609 898 2674 saepe
909 2610 1095 2657 amiculo
1106 2611 1150 2659 in
1161 2610 1406 2671 ludibrium,
1415 2625 1488 2658 aut
1498 2609 1721 2665 stramineo
1732 2608 1847 2674 pileo
1857 2628 1959 2672 cone¹
2090 2620 2094 2664 1

281 2691 344 2725 tra
362 2678 460 2727 coeli
474 2678 670 2743 injuriam
684 2679 802 2728 ted&
812 2679 1141 2743 conspiciuntur.

95 2751 243 2822 3¹23*ss
352 2749 519 2796 Eadem
530 2749 601 2796 die
613 2748 846 2814 Oppidum
870 2752 895 2796 S
908 2752 926 2795 1
938 2751 984 2796 N
1001 2750 1046 2795 G
1057 2751 1095 2796 L
1109 2753 1147 2797 E
1173 2748 1257 2797 five
1284 2749 1428 2797 Cinchai
1447 2746 1566 2813 quod
1583 2763 1750 2793 nonum
1762 2748 1960 2795 Civitatis
2064 2791 2066 2793 ,
2086 2730 2092 2813 J
2110 2757 2114 2767 ¹

96 2801 236 2863 nitrabssi‘s
285 2818 348 2861 H
347 2819 465 2872 okien,
488 2818 707 2884 octoginta
730 2820 762 2882 ly
784 2819 806 2865 :i
828 2818 943 2866 Siuko
960 2854 972 2876 ,
995 2818 1254 2883 Ρῐκῑεῐνεὲὶὶ
1274 2817 1417 2885 amplo
1439 2816 1661 2865 dilatatum
1684 2814 1886 2864 suburbio
1905 2816 1960 2863 ad
2085 2822 2103 2876 52

94 2873 257 2947 {fifflgna
283 2897 505 2950 utramque
534 2891 631 2935 Guei
652 2889 801 2951 ripam.
845 2889 922 2934 Ad
944 2885 1090 2936 laevam
1118 2888 1403 2936 Occidentem
1423 2884 1559 2933 versus
1582 2885 1753 2950 Pagoda
1774 2884 1960 2934 sublimis
2085 2878 2088 2900 ¹

94 2966 150 2987 tus·
282 2955 484 3001 verticem
496 2955 717 3003 attollebat
729 2990 742 3011 ,
764 2958 838 3021 qui
850 2959 959 3004 inter
970 2955 1171 3004 arborum
1181 2973 1354 3003 nemora
1366 2973 1490 3002 muro
1508 2952 1751 3001 interclusus
1760 2967 1867 3013 erat,
1887 2972 1960 3001 cu-

276 3019 343 3081 jus
355 3038 452 3068 cum
466 3024 636 3071 videndi
654 3024 866 3072 desiderio
885 3025 1114 3091 flagrarent
1127 3023 1302 3090 quidam
1324 3024 1562 3072 nostrorum
1574 3058 1587 3079 ‚
1608 3026 1861 3089 Interpretes
1877 3021 1959 3070 Vir.

269 3088 602 3155 gitztttns.ic›'.11·unz
623 3093 813 3142 coenobium
839 3092 1002 3158 virisque
1021 3090 1232 3159 inacceffitm
1249 3093 1437 3142 dixerunt.
1481 3092 1555 3142 Ad
1577 3092 1770 3140 dextram
1791 3094 1837 3138 &
1856 3089 1959 3141 alius

1769 3158 1957 3224 Pagoda,

2095 2895 2114 2954 ὲ,
