2114 3412
252 1449 389 1459 --οισι-ὲ

392 1446 434 1451 „⁴
450 1447 469 1455 Γ,
730 1440 825 1451 -ΨὯ
860 1442 864 1444 -
898 1444 902 1446 -
1517 1439 1621 1446 ·“·“·““”
1638 1440 1643 1444 ’·
1665 1440 1703 1446 ,-
1728 1441 1766 1448 *w-
1788 1440 1804 1447 ι’

285 1492 539 1541 Incendium
555 1491 666 1538 inter
686 1505 736 1537 ea
748 1485 889 1556 plures
898 1502 1027 1554 quam
1038 1499 1213 1536 centum
1221 1485 1434 1556 elegantes
1444 1487 1598 1537 domos
1609 1489 1654 1537 in
1664 1488 1824 1537 cineres
1833 1489 1879 1537 &
1890 1486 1948 1537 fa-

284 1560 400 1610 villas
421 1560 655 1628 redegerat.

351 1627 568 1696 Vigesima
587 1629 710 1677 tertia
729 1627 783 1675 ad
802 1626 953 1675 urbem
980 1625 1104 1677 KIA
1118 1630 1166 1676 N
1180 1628 1226 1674 G
1238 1629 1264 1674 S
1278 1628 1296 1673 1
1331 1626 1551 1693 dispersam
1580 1626 1683 1676 saeva
1700 1625 1950 1694 tempestate

285 1699 452 1747 claffem
464 1699 646 1746 nostram
658 1697 1029 1764 deprehendimus.
1066 1700 1125 1745 Et
1136 1712 1234 1743 cum
1244 1696 1389 1744 triduo
1399 1697 1468 1744 hic
1481 1696 1787 1747 subsisteremus
1796 1733 1810 1758 ,
1829 1714 1951 1745 occa-

284 1767 346 1816 sio
358 1770 476 1816 mimi
488 1768 586 1816 data
596 1769 678 1817 fuit
690 1767 800 1814 hanc
822 1765 974 1814 urbem
985 1765 1040 1813 ab
1051 1765 1184 1813 altero
1195 1784 1372 1831 quoque
1383 1765 1511 1815 latere
1521 1767 1786 1835 depingendi
1799 1805 1814 1827 ‚
1835 1779 1885 1814 ut
1893 1784 1951 1814 ex

285 1839 386 1885 Icone
397 1852 525 1903 patet.
568 1839 707 1885 Novis
726 1834 883 1902 scaphis
901 1836 1082 1901 acceptis
1093 1834 1292 1903 vigesima
1305 1835 1420 1884 sexta
1431 1836 1683 1884 disceffimus
1692 1873 1705 1896 ,
1719 1836 1790 1884 sed
1799 1852 1950 1902 parum

284 1906 508 1971 prove&os
523 1904 779 1971 impetuosus
799 1918 948 1952 ventus
967 1905 1023 1952 ad
1047 1906 1206 1952 moenia
1217 1907 1370 1953 iterum
1382 1904 1516 1964 urbis,
1533 1905 1607 1953 ubi
1618 1920 1715 1953 tuto
1726 1902 1949 1970 pernofih-

284 1975 422 2021 vimus
432 2011 445 2034 ‚
461 1975 622 2038 rejecit.
655 1976 770 2021 Tam
780 1974 1010 2021 vehemens
1019 1973 1150 2040 frigus
1160 1987 1249 2020 erat
1258 2006 1273 2027 ,
1290 1986 1338 2020 ut
1346 1990 1428 2020 una
1437 1973 1563 2021 ηοᾶε
1574 1973 1720 2039 glacies
1737 1973 1876 2022 multis
1886 1971 1951 2019 lo-

285 2044 343 2089 cis
355 2043 550 2091 homines
559 2042 696 2090 ferret.
731 2044 859 2089 Circa
870 2040 1085 2106 vesperam
1105 2039 1231 2089 densa
1252 2041 1414 2109 grando
1424 2041 1632 2090 nivalibus
1642 2042 1794 2108 pluviis
1803 2044 1950 2102 mixta,

285 2125 450 2177 utaegre
462 2126 578 2159 extra
596 2110 789 2177 scapham
800 2110 1038 2175 prospicere
1047 2108 1219 2158 licuerit.

356 2179 503 2229 Altera
523 2181 592 2227 die
613 2198 739 2228 mane
760 2179 960 2245 progreffi
972 2214 985 2236 ‚
1007 2193 1174 2227 montes
1191 2179 1246 2227 ad
1265 2194 1490 2246 utramque
1507 2181 1626 2229 fluvii
1637 2182 1772 2247 ripam
1782 2178 1952 2228 nivibus

283 2248 366 2297 late
383 2251 610 2297 candentes
628 2248 901 2315 apparebant.
936 2251 1101 2297 Ventus
1119 2248 1172 2295 ab
1194 2248 1495 2297 Notolibicum
1517 2252 1663 2298 acriter
1683 2251 1788 2298 flans
1807 2249 1951 2298 densas

284 2336 361 2384 per
378 2322 518 2367 aerem
539 2321 654 2367 nives
675 2317 896 2385 spargebat
918 2336 928 2362 :
949 2319 996 2364 &
1017 2319 1116 2382 quia
1135 2320 1339 2384 praeterita
1361 2318 1487 2367 ηοᾶε
1496 2318 1638 2385 pluvia
1648 2317 1825 2386 glacialis
1834 2336 1884 2366 ac
1892 2317 1951 2366 se—

284 2402 446 2452 quente
459 2387 571 2453 gelu,
581 2387 724 2435 storeae
736 2390 781 2435 &
794 2386 952 2452 scaphae
962 2385 1022 2433 ob
1031 2385 1246 2435 levitatem
1258 2389 1331 2435 vix
1341 2387 1512 2456 vestigia
1526 2387 1682 2453 absque
1694 2386 1884 2452 periculo
1895 2387 1951 2435 la·-

283 2455 393 2520 psus,
407 2457 697 2504 incedentium
709 2456 921 2516 ferebant,
932 2472 1092 2521 magno
1107 2456 1417 2522 helcyariorum
1427 2457 1706 2505 incommodo
1716 2493 1729 2517 ,
1746 2458 1820 2523 qui
1832 2456 1884 2504 ad
1899 2459 1950 2505 ri-

283 2543 384 2590 pam
395 2544 502 2592 aegre
514 2525 643 2591 pedes
655 2525 785 2591 figere
796 2543 843 2572 ac
854 2523 1017 2590 scaphas
1025 2527 1273 2590 protrahere
1283 2539 1494 2591 poterant.

354 2597 493 2643 Prima
506 2596 692 2663 Januarii
702 2595 800 2641 anni
812 2592 1014 2641 millesimi
1024 2593 1311 2643 sexcentesimi
1327 2592 1663 2661 quinquagesimi
1675 2593 1842 2659 septimi
1854 2593 1951 2642 urbs

284 2665 529 2729 Kinnngam
548 2662 795 2729 conspefika,
813 2663 929 2710 unde
949 2661 1075 2711 altera
1097 2665 1168 2712 die
1179 2698 1193 2719 ,
1214 2682 1304 2712 non
1326 2664 1483 2729 absque
1504 2680 1660 2728 magno
1673 2662 1818 2711 labore
1830 2665 1952 2712 novis

284 2729 500 2795 helcyariis
510 2734 740 2799 impetratis
749 2769 761 2792 ,
778 2732 900 2797 quod
910 2731 1173 2797 asperitatem
1185 2732 1441 2799 tempestatis
1451 2731 1588 2779 cunffl
1609 2731 1949 2793 reformidarent,

284 2798 465 2849 secunda
479 2802 574 2867 post
593 2803 814 2849 meridiem
835 2800 1097 2850 disceffimus.
1131 2804 1298 2860 Qinta
1309 2801 1459 2849 urbem
1470 2802 1653 2848 dirutam
1664 2804 1709 2850 &
1721 2801 1950 2849 desolatam

283 2865 521 2934 Vanmmgam
535 2870 793 2935 praeterveffi
807 2906 820 2930 ,
838 2869 892 2918 ab
907 2869 995 2932 ejus
1006 2871 1096 2935 ejus
1105 2871 1389 2937 gubernatore
1399 2868 1589 2918 candelas
1599 2871 1708 2918 inter
1723 2869 1801 2918 alia
1819 2869 1950 2919 lautia

284 2952 341 2981 ex
352 2937 614 3002 pinguedine
625 2939 780 2987 arboris
790 2957 841 2986 cu
842 2939 1022 3003 jusdam,
1031 2954 1079 2988 ut
1088 2939 1213 2989 altera
1222 2954 1341 3005 parte
1351 2938 1597 2987 describitur
1607 2977 1620 2998 ‚
1632 2939 1842 2988 confestas
1854 2977 1865 2998 ‚
1887 2941 1950 2986 in-

281 3001 385 3068 signi
396 3003 639 3069 splendore,
658 3010 780 3056 dono
788 3010 1037 3075 accepimus,
1074 3013 1240 3065 Etcum
1262 3025 1398 3056 novos
1416 3007 1646 3073 helcyarios
1665 3027 1714 3057 ac
1733 3006 1950 3056 naucleros

280 3069 365 3121 five
385 3073 538 3138 quibus
553 3076 717 3125 flumen
736 3077 938 3126 hocloco
957 3080 1034 3127 vix
1055 3075 1294 3144 navigabile
1317 3075 1376 3125 est
1394 3114 1407 3139 ‚
1426 3076 1555 3127 altera
1580 3078 1651 3126 die
1672 3079 1945 3192 perreximuls.

1771 3148 1914 3211 Scopu
1932 3147 1944 3192 i

2106 1662 2114 1743 wr-
