2114 3412
348 172 350 176 “
373 174 434 219 16
442 174 467 219 3
739 156 878 213 Pars
897 167 1067 235 quarta
1089 146 1368 234 Legationis
1388 151 1651 210 chztav-icae

440 256 678 309 Australem
707 255 895 322 Nankitg
915 254 1073 303 civium
1086 286 1100 307 2
1116 251 1299 301 militum
1316 289 1328 312 ‚
1359 256 1405 301 &
1426 251 1754 321 Magistratuum
1776 270 1955 300 numero
1977 253 2039 302 su—

372 342 488 393 perat
507 347 517 372 :
560 327 772 390 Nanlzinga
796 322 1113 391 magnitudine,
1131 321 1276 388 plateis
1291 359 1303 382 ,
1322 324 1595 370 munimentis
1614 341 1708 370 eam
1722 323 1849 386 praeit.
1885 323 2038 371 Versus

371 396 576 445 Austrum
588 395 881 461 duoingentes
892 429 904 451 ,
925 392 996 441 alti
1011 395 1053 440 8(
1068 390 1140 440 lati
1157 394 1266 440 muri
1277 427 1290 447 ‚
1312 392 1544 444 duodecim
1556 392 1714 458 absque
1725 390 2036 458 impedimento

368 482 580 532 equorum
590 481 772 530 capaces,
802 465 981 511 Interior
994 479 1135 509 murus
1145 461 1307 509 ambitu
1319 462 1596 529 quadraginta
1609 463 1641 524 ly
1654 496 1666 516 ,
1685 463 1729 509 id
1741 461 1799 508 est
1810 500 1824 520 ‚
1848 462 2037 510 duorum

369 553 468 583 cum
479 528 663 582 dimidio
682 531 921 580 milliarium
935 566 948 587 ,
976 545 1062 579 tam
1073 531 1227 580 crebris
1236 530 1362 579 scatet
1371 530 1721 597 propugnaculis,
1744 546 1791 578 ut
1806 529 2037 595 jactulapi-

370 607 435 654 dis
452 622 540 652 non
559 602 727 651 distent.
767 605 962 668 Superne
982 599 1225 655 coctilibus,
1246 603 1354 647 intra
1366 600 1470 647 caeso
1481 600 1580 648 saxo
1591 599 1775 659 constat3
1796 602 1907 647 intus
1926 615 2036 649 terra

368 673 588 739 compacta
598 670 796 738 repletur,
803 685 917 730 tanta
929 669 1166 725 altitudine,
1176 684 1224 717 ut
1235 668 1349 717 nulla
1359 673 1451 717 tota
1462 673 1637 734 Europa
1650 669 1745 716 urbs
1758 669 1905 717 similis.
1944 673 2036 718 Ex-

369 745 495 790 timus
515 760 656 790 murus
674 739 833 806 vulgari
853 742 1123 788 munimento
1137 777 1146 786 .
1193 740 1269 787 Ad
1291 752 1431 804 portas
1448 740 1525 786 tria
1548 739 1668 787 firma
1688 738 2032 804 propugnacula:

372 816 485 858 Pons
505 812 640 859 fluvio
662 811 715 858 ad
735 812 913 858 Boream
929 811 1090 867 tendit,
1105 807 1217 855 foffae
1229 810 1365 856 vicem
1379 807 1807 873 habenti‚i1npositus.
1840 808 1947 856 Inde
1957 827 2033 875 per

370 879 613 929 Australem
632 894 798 945 portam
819 879 1005 926 dimidiae
1017 878 1151 944 spatio
1163 878 1276 925 horae
1288 879 1387 937 iter,
1404 892 1632 942 antequam
1649 878 1702 925 ad
1716 879 1957 926 interiorem
1970 897 2036 926 ur-

368 950 468 997 bem
490 952 758 1014 perveniatur
774 986 785 1007 ,
800 948 875 996 ubi
896 949 1090 995 immanis
1109 946 1339 995 altitudinis
1362 946 1494 994 moles
1519 966 1528 992 z
1549 947 1650 994 inde
1660 948 1714 994 ad
1736 946 1838 995 latus
1849 949 2034 995 munitio

369 1020 553 1067 duorum
567 1028 878 1066 tormentorum
894 1039 907 1076 3
919 1036 973 1066 ex
984 1035 1067 1082 qua
1077 1035 1153 1082 per
1165 1031 1350 1065 veterem
1362 1018 1641 1082 intiinamque
1653 1032 1818 1082 portam
1831 1019 1873 1063 in
1883 1016 2035 1065 urbem

369 1088 519 1136 aditus.
544 1091 620 1135 Per
628 1086 796 1135 cun&as
808 1101 938 1135 turres
947 1105 995 1134 ac
1007 1084 1330 1153 propugnacula
1342 1085 1472 1134 noEtu
1487 1086 1676 1133 excubiae
1691 1085 1872 1133 militum
1884 1103 2036 1152 perpe-

370 1159 473 1217 tim',
490 1155 1043 1222 acsihostesinpropinquO.
1079 1156 1272 1204 Interdiu
1293 1156 1516 1214 Eunuchi,
1534 1157 1762 1220 quiomnia
1780 1157 1823 1202 in
1835 1154 1930 1203 aula
1943 1155 2035 1222 pos-

368 1225 479 1280 sunt,
489 1240 628 1291 portas
637 1223 1174 1291 custodiunt,vec³tigalibus
1183 1223 1237 1271 ab
1247 1223 1336 1284 illis,
1345 1226 1417 1289 qui
1430 1224 1657 1283 transeunt,
1666 1226 1984 1291 extorquendis.

440 1298 599 1343 Primus
619 1314 675 1342 ex
694 1293 893 1361 Zziuziaeg.3
909 1293 1067 1341 familia
1089 1290 1322 1360 Imperator
1344 1294 1513 1341 Tiencien
1533 1328 1546 1348 ,
1581 1296 1655 1358 qui
1673 1312 1788 1341 anno
1811 1293 2034 1342 millesimo

369 1362 787 1432 quadringentesimo
802 1378 955 1429 quarto
974 1363 1119 1411 Sinam
1142 1364 1250 1410 rexit
1271 1398 1284 1420 ‚
1316 1360 1456 1410 sedem
1477 1382 1531 1410 ex
1555 1363 1766 1429 Nanke‘nga
1786 1398 1801 1419 ,
1831 1365 2036 1430 Pekirggam

369 1432 600 1492 transtulit,
619 1447 668 1481 ut
687 1431 742 1480 ab
758 1449 840 1479 avo
865 1436 1061 1481 Hum'vuo
1078 1430 1217 1498 pulsos
1237 1434 1435 1479 Tartaros
1445 1470 1459 1492 ,
1479 1430 1596 1480 velut
1617 1451 1673 1480 ex
1692 1435 1844 1481 vicinia
1862 1448 2034 1482 arceret.

369 1504 486 1550 Hine
498 1505 756 1550 incrementa
767 1502 861 1549 urbi
874 1505 918 1550 8(
930 1501 1098 1550 decora.

436 1572 687 1619 Duodecim
704 1573 743 1619 ei
765 1586 897 1636 portae
907 1609 919 1632 ,
934 1589 1009 1637 per
1022 1589 1122 1637 quas
1131 1584 1223 1620 tota
1236 1574 1333 1620 Sina
1346 1570 1556 1636 quidquid
1568 1571 1798 1636 pretiosum
1811 1607 1822 1629 ,
1842 1572 2035 1631 infertur,
2086 1631 2088 1634 v

368 1640 510 1689 multis
519 1643 691 1690 navium
701 1640 883 1689 millibus
892 1641 1042 1689 cuncta
1052 1639 1391 1690 subvehentibus.
1413 1642 1496 1688 Hic
1508 1643 1708 1701 aerarium,
1719 1645 1764 1690 &
1778 1643 2036 1709 Regnorum

367 1726 612 1775 proventus,
641 1711 774 1760 Unde
787 1710 963 1758 flumina
974 1713 1019 1759 &
1031 1709 1191 1758 canales
1201 1748 1213 1770 ‚
1238 1710 1267 1757 si
1278 1724 1425 1758 natura
1439 1712 1611 1777 negavit
1621 1748 1633 1770 ‚
1652 1725 1740 1759 arte
1752 1709 2030 1776 navigabiles:

366 1781 517 1829 cuncta
536 1782 700 1847 navigia
721 1797 812 1827 uno
831 1779 948 1845 quasi
959 1794 1088 1847 portu
1099 1779 1269 1828 Tiencz‘en
1289 1782 1564 1828 conveniunt.
1601 1780 1705 1827 inde
1727 1782 1928 1843 Pekingam
1942 1793 2034 1828 ten-

367 1848 490 1897 dunt.
525 1853 628 1897 Haec
647 1848 863 1897 subveffio
883 1849 1061 1898 sterilem
1082 1864 1226 1897 caetera
1248 1848 1398 1896 urbem
1417 1852 1611 1897 omnium
1623 1849 1883 1897 abundantia
1894 1866 2034 1896 rerum

365 1918 567 1966 cumulat.
604 1918 678 1966 Est
687 1918 745 1965 ibi
758 1936 935 1985 quoque
946 1919 1194 1966 eruditionis
1204 1921 1344 1966 omnis
1355 1917 1566 1966 theatrum
1588 1938 1597 1964 :
1626 1923 1694 1966 Ex
1707 1921 1798 1965 tota
1808 1919 1908 1964 Sina
1920 1953 1933 1976 ‚
1955 1920 2031 1983 qui

364 1986 662 2053 Magistratum
672 1989 851 2052 cupiunt
863 2023 874 2045 ,
887 2001 1222 2054 congregantur,
1241 1990 1287 2035 &
1299 2005 1375 2052 per
1386 1989 1581 2034 examina
1590 1987 1757 2052 probati
1771 2025 1784 2044 ‚
1806 2000 1855 2033 ut
1870 2004 2033 2034 meren-

366 2068 450 2115 tur,
465 2055 610 2103 titulos
619 2058 842 2121 accipiunt.
882 2054 1030 2103 Plateae
1040 2058 1175 2103 Borea
1186 2056 1316 2103 flante
1326 2090 1340 2110 ,
1352 2053 1473 2102 nullis
1485 2057 1646 2121 quippe
1660 2054 1859 2114 filicibus.
1876 2070 1949 2103 aut
1959 2073 2032 2102 co-

367 2123 451 2172 &tili
462 2124 604 2191 lapide
614 2125 845 2184 constratae,
854 2125 1147 2173 itinerantibus
1156 2124 1216 2172 ob
1228 2124 1380 2182 lutum,
1390 2123 1456 2172 vel
1468 2124 1688 2190 pulverem
1698 2123 1900 2172 molestae:
1921 2124 2033 2186 ¹Solo

366 2192 428 2240 ob
447 2196 607 2242 nitrum
627 2197 671 2242 &
692 2193 934 2260 pluviorum
958 2196 1149 2259 inopiam
1167 2192 1374 2242 caloribus
1386 2193 1838 2260 aestatispulv‘erulcnto
1863 2216 1877 2254 3
1913 2195 2033 2242 unde

365 2263 516 2311 cuncta
527 2264 945 2320 aediuminficiuntur,
996 2265 1111 2310 Hinc
1131 2281 1205 2311 ora
1228 2262 1328 2311 velis
1346 2264 1442 2311 tecti
1456 2267 1679 2331 Magnates
1689 2263 1917 2317 incedunt,
1938 2281 2034 2329 quae

366 2334 413 2379 8(
433 2331 651 2397 pulverem
668 2331 868 2390 cludunt,
884 2335 929 2380 &
949 2346 1092 2380 tamen
1113 2332 1174 2379 ob
1193 2331 1388 2380 subtilem
1410 2346 1620 2381 texturam
1642 2331 1788 2380 oculos
1807 2331 2032 2398 prospec'tu

364 2417 455 2449 non
465 2416 622 2449 arcent.
654 2401 738 2467 Ipsi
756 2400 875 2449 invisi
895 2400 983 2448 aliis
997 2417 1166 2450 caeteros
1183 2416 1479 2467 praetereuntes
1487 2401 1792 2468 conspicientes
1802 2400 1914 2449 nulla
1923 2419 2034 2449 cere-

363 2472 620 2529 moniarum,
635 2488 728 2535 quae
741 2469 881 2518 multae
892 2473 938 2519 &
949 2471 1136 2536 operosae
1154 2507 1167 2530 ,
1185 2470 1214 2517 si
1232 2470 1530 2537 agnoscantur,
1554 2471 1801 2518 necestitate.
1838 2470 2033 2537 Qiisque

363 2540 496 2604 pedes
514 2538 716 2606 equesve‚
732 2539 890 2605 absque
909 2541 1114 2588 comitatu
1134 2542 1375 2606 incognitus
1396 2539 1638 2605 velatusque
1655 2557 1872 2605 permeare
1880 2539 2033 2605 potest.

365 2612 426 2656 Et
437 2623 484 2656 ut
496 2610 648 2656 Boreas
660 2645 672 2668 ,
693 2627 741 2657 ac
757 2607 871 2656 calor
890 2609 1110 2674 pulverem
1136 2628 1145 2655 z
1168 2611 1224 2657 ita
1238 2609 1539 2675 pluviaelutum
1555 2608 1741 2667 craffum,
1752 2608 2032 2674 profundum,

366 2679 413 2725 8(
429 2679 503 2727 vix
519 2678 698 2743 pedibus
718 2678 971 2744 permeabile
990 2681 1187 2726 excitant.
1224 2679 1357 2729 Unde
1368 2677 1481 2726 nulla
1501 2681 1593 2725 tota
1604 2678 1703 2725 Sina
1715 2678 1812 2725 urbs
1824 2677 2033 2725 difficilius

367 2745 557 2794 transitur
571 2783 583 2806 ,
600 2746 693 2796 luto
716 2747 824 2813 ipsos
845 2747 1026 2808 calceos,
1045 2746 1113 2794 vel
1124 2765 1267 2796 ocreas
1277 2750 1522 2797 attrahente.
1560 2748 1676 2793 Hinc
1687 2764 1794 2813 opus
1803 2746 2033 2812 praevalidis

367 2818 484 2879 equis
493 2850 507 2871 ,
528 2830 600 2864 aut
605 2816 921 2882 jumentis,quae
932 2831 1021 2865 tota
1029 2817 1175 2883 paffim
1185 2819 1239 2866 ad
1256 2835 1328 2866 eos
1338 2816 1429 2864 usus
1437 2815 1725 2882 urbe‚exiguo
1737 2817 1889 2882 preti0‚
1900 2817 1945 2863 8(
1955 2817 2032 2864 arti

368 2883 659 2933 transferendis
674 2886 888 2933 sessoribus
902 2886 1054 2934 assueta
1074 2885 1263 2951 prostant
1272 2923 1284 2946 ‚
1308 2883 1584 2949 ductoresque
1594 2883 1827 2950 platearum
1839 2887 1885 2932 &
1898 2884 2034 2931 homi-

367 2966 472 2998 num
490 2952 623 3001 denfis
645 2973 722 3020 per
741 2954 878 3003 lutum
899 2954 1137 3023 agminibus
1155 2956 1489 3002 commeantium
1501 2970 1654 3020 gnaros
1671 2954 1843 3002 habent.
1872 2955 2032 3018 Neque

368 3022 512 3078 errari,
533 3039 777 3089 quanquam
789 3024 1026 3083 vastiffirna,
1043 3022 1148 3071 urbe
1158 3022 1309 3088 potest,
1319 3024 1419 3088 quia
1427 3021 1556 3071 libelli
1574 3023 1755 3088 impressi
1757 3057 1770 3078 ,
1782 3021 1937 3089 quibus
1947 3020 2032 3088 pla-

370 3104 447 3137 teae
470 3090 517 3137 &
536 3090 642 3138 aedes
663 3095 860 3141 omnium
870 3094 1026 3142 civium
1038 3089 1335 3140 describuntur.

1913 3161 2033 3210 Snnn
