<?xml version="1.0" encoding="UTF-8"?>
<!DOCTYPE html PUBLIC "-//W3C//DTD XHTML 1.0 Transitional//EN"
    "http://www.w3.org/TR/xhtml1/DTD/xhtml1-transitional.dtd">
<html xmlns="http://www.w3.org/1999/xhtml" xml:lang="en" lang="en">
 <head>
  <title>
</title>
<meta http-equiv="Content-Type" content="text/html;charset=utf-8" />
  <meta name='ocr-system' content='tesseract 3.04.00' />
  <meta name='ocr-capabilities' content='ocr_page ocr_carea ocr_par ocr_line ocrx_word'/>
</head>
<body>
  <div class='ocr_page' id='page_1' title='image "./legatiobatavicaa00nieu_0065.png"; bbox 0 0 2083 3370; ppageno 0'>
   <div class='ocr_carea' id='block_1_1' title="bbox 354 148 1767 251">
    <p class='ocr_par' dir='ltr' id='par_1_1' title="bbox 354 148 1767 251">
     <span class='ocr_line' id='line_1_1' title="bbox 354 148 1767 251; baseline 0.004 -26"><span class='ocrx_word' id='word_1_1' title='bbox 354 166 422 226; x_wconf 67' lang='lat' dir='ltr'>acl</span> <span class='ocrx_word' id='word_1_2' title='bbox 431 169 748 251; x_wconf 62' lang='lat' dir='ltr'>Magnum</span> <span class='ocrx_word' id='word_1_3' title='bbox 764 161 1024 225; x_wconf 69' lang='lat' dir='ltr'>Tartariae</span> <span class='ocrx_word' id='word_1_4' title='bbox 1044 169 1264 250; x_wconf 76' lang='lat' dir='ltr'>Sinaeque</span> <span class='ocrx_word' id='word_1_5' title='bbox 1282 148 1542 246; x_wconf 54' lang='lat' dir='ltr'>Chaissa‘mn.</span> <span class='ocrx_word' id='word_1_6' title='bbox 1700 197 1767 245; x_wconf 82' lang='lat'>45</span> 
     </span>
    </p>
   </div>
   <div class='ocr_carea' id='block_1_2' title="bbox 29 270 1920 3251">
    <p class='ocr_par' dir='ltr' id='par_1_2' title="bbox 92 270 1778 738">
     <span class='ocr_line' id='line_1_2' title="bbox 95 270 1778 341; baseline -0.001 -19"><span class='ocrx_word' id='word_1_7' title='bbox 95 276 214 322; x_wconf 88' lang='lat' dir='ltr'>dium</span> <span class='ocrx_word' id='word_1_8' title='bbox 228 310 240 333; x_wconf 82' lang='lat'>,</span> <span class='ocrx_word' id='word_1_9' title='bbox 257 276 412 321; x_wconf 62' lang='lat' dir='ltr'>caeteris</span> <span class='ocrx_word' id='word_1_10' title='bbox 430 276 473 320; x_wconf 91' lang='lat' dir='ltr'>in</span> <span class='ocrx_word' id='word_1_11' title='bbox 494 275 670 320; x_wconf 90' lang='lat' dir='ltr'>circuitu</span> <span class='ocrx_word' id='word_1_12' title='bbox 682 270 776 319; x_wconf 84' lang='lat' dir='ltr'>fixis</span> <span class='ocrx_word' id='word_1_13' title='bbox 786 309 800 331; x_wconf 79' lang='lat'>,</span> <span class='ocrx_word' id='word_1_14' title='bbox 823 274 1022 337; x_wconf 80' lang='lat' dir='ltr'>Proreges</span> <span class='ocrx_word' id='word_1_15' title='bbox 1045 274 1090 319; x_wconf 64' lang='grc' dir='ltr'>ὃς</span> <span class='ocrx_word' id='word_1_16' title='bbox 1110 273 1303 340; x_wconf 78' lang='lat' dir='ltr'>Tutangi</span> <span class='ocrx_word' id='word_1_17' title='bbox 1324 276 1535 341; x_wconf 82' lang='lat' dir='ltr'>tapetibus</span> <span class='ocrx_word' id='word_1_18' title='bbox 1554 276 1778 328; x_wconf 72' lang='lat' dir='ltr'><strong>insidentes</strong></span> 
     </span>
     <span class='ocr_line' id='line_1_3' title="bbox 97 340 1778 409; baseline 0.003 -19"><span class='ocrx_word' id='word_1_19' title='bbox 97 340 423 409; x_wconf 71' lang='lat' dir='ltr'>occupaverant.</span> <span class='ocrx_word' id='word_1_20' title='bbox 455 344 642 390; x_wconf 88' lang='lat' dir='ltr'>Primum</span> <span class='ocrx_word' id='word_1_21' title='bbox 665 341 810 390; x_wconf 79' lang='lat' dir='ltr'>laevam</span> <span class='ocrx_word' id='word_1_22' title='bbox 836 340 971 388; x_wconf 85' lang='lat' dir='ltr'>versus</span> <span class='ocrx_word' id='word_1_23' title='bbox 982 343 1175 408; x_wconf 79' lang='lat' dir='ltr'>Legatis,</span> <span class='ocrx_word' id='word_1_24' title='bbox 1195 341 1370 391; x_wconf 87' lang='lat' dir='ltr'>alterum</span> <span class='ocrx_word' id='word_1_25' title='bbox 1396 348 1417 391; x_wconf 74' lang='lat' dir='ltr'>a</span> <span class='ocrx_word' id='word_1_26' title='bbox 1438 347 1596 394; x_wconf 81' lang='lat' dir='ltr'>dextris</span> <span class='ocrx_word' id='word_1_27' title='bbox 1606 349 1778 396; x_wconf 53' lang='lat' dir='ltr'>Musici&lt;</span> 
     </span>
     <span class='ocr_line' id='line_1_4' title="bbox 98 409 1778 470; baseline 0.002 -9"><span class='ocrx_word' id='word_1_28' title='bbox 98 414 364 461; x_wconf 84' lang='lat' dir='ltr'>destinatum.</span> <span class='ocrx_word' id='word_1_29' title='bbox 385 414 502 460; x_wconf 89' lang='lat' dir='ltr'>Varii</span> <span class='ocrx_word' id='word_1_30' title='bbox 513 414 619 459; x_wconf 89' lang='lat' dir='ltr'>circa</span> <span class='ocrx_word' id='word_1_31' title='bbox 628 412 809 460; x_wconf 88' lang='lat' dir='ltr'>tentoria</span> <span class='ocrx_word' id='word_1_32' title='bbox 821 409 1028 458; x_wconf 81' lang='lat' dir='ltr'>tubicines</span> <span class='ocrx_word' id='word_1_33' title='bbox 1042 448 1054 470; x_wconf 83' lang='lat'>‚</span> <span class='ocrx_word' id='word_1_34' title='bbox 1075 412 1194 457; x_wconf 90' lang='lat' dir='ltr'>mimi</span> <span class='ocrx_word' id='word_1_35' title='bbox 1213 430 1260 458; x_wconf 92' lang='lat' dir='ltr'>ac</span> <span class='ocrx_word' id='word_1_36' title='bbox 1274 415 1483 461; x_wconf 82' lang='lat' dir='ltr'>Comoedi</span> <span class='ocrx_word' id='word_1_37' title='bbox 1497 418 1634 464; x_wconf 72' lang='lat' dir='ltr'>aerem</span> <span class='ocrx_word' id='word_1_38' title='bbox 1646 419 1778 465; x_wconf 88' lang='lat' dir='ltr'>horri-</span> 
     </span>
     <span class='ocr_line' id='line_1_5' title="bbox 95 479 1775 547; baseline 0.004 -18"><span class='ocrx_word' id='word_1_39' title='bbox 95 482 202 530; x_wconf 90' lang='lat' dir='ltr'>sono</span> <span class='ocrx_word' id='word_1_40' title='bbox 220 481 394 546; x_wconf 86' lang='lat' dir='ltr'>strepitu</span> <span class='ocrx_word' id='word_1_41' title='bbox 414 481 688 547; x_wconf 82' lang='lat' dir='ltr'>tumultuque</span> <span class='ocrx_word' id='word_1_42' title='bbox 713 479 948 546; x_wconf 79' lang='lat' dir='ltr'>implentes,</span> <span class='ocrx_word' id='word_1_43' title='bbox 984 483 1136 546; x_wconf 82' lang='lat' dir='ltr'>Ingens</span> <span class='ocrx_word' id='word_1_44' title='bbox 1154 498 1244 528; x_wconf 90' lang='lat' dir='ltr'>non</span> <span class='ocrx_word' id='word_1_45' title='bbox 1265 500 1320 529; x_wconf 80' lang='lat' dir='ltr'>ex</span> <span class='ocrx_word' id='word_1_46' title='bbox 1329 483 1435 531; x_wconf 92' lang='lat' dir='ltr'>urbe</span> <span class='ocrx_word' id='word_1_47' title='bbox 1448 485 1581 531; x_wconf 89' lang='lat' dir='ltr'>modo</span> <span class='ocrx_word' id='word_1_48' title='bbox 1594 523 1606 545; x_wconf 86' lang='lat'>‚</span> <span class='ocrx_word' id='word_1_49' title='bbox 1627 505 1775 536; x_wconf 83' lang='lat' dir='ltr'>verum</span> 
     </span>
     <span class='ocr_line' id='line_1_6' title="bbox 93 549 1775 623; baseline 0.002 -25"><span class='ocrx_word' id='word_1_50' title='bbox 93 551 196 599; x_wconf 89' lang='lat' dir='ltr'>locis</span> <span class='ocrx_word' id='word_1_51' title='bbox 221 553 365 597; x_wconf 84' lang='lat' dir='ltr'>vicinis</span> <span class='ocrx_word' id='word_1_52' title='bbox 387 551 613 599; x_wconf 86' lang='lat' dir='ltr'>hominum</span> <span class='ocrx_word' id='word_1_53' title='bbox 631 551 869 598; x_wconf 82' lang='lat' dir='ltr'>confluxus.</span> <span class='ocrx_word' id='word_1_54' title='bbox 905 553 1092 616; x_wconf 83' lang='lat' dir='ltr'>Legatos</span> <span class='ocrx_word' id='word_1_55' title='bbox 1115 549 1204 597; x_wconf 89' lang='lat' dir='ltr'>duo</span> <span class='ocrx_word' id='word_1_56' title='bbox 1214 553 1460 600; x_wconf 86' lang='lat' dir='ltr'>Mandarini</span> <span class='ocrx_word' id='word_1_57' title='bbox 1472 571 1630 621; x_wconf 80' lang='lat' dir='ltr'>magno</span> <span class='ocrx_word' id='word_1_58' title='bbox 1646 576 1775 623; x_wconf 78' lang='lat' dir='ltr'>appa-</span> 
     </span>
     <span class='ocr_line' id='line_1_7' title="bbox 92 618 1772 688; baseline 0.003 -19"><span class='ocrx_word' id='word_1_59' title='bbox 92 635 187 669; x_wconf 80' lang='lat' dir='ltr'>ratu</span> <span class='ocrx_word' id='word_1_60' title='bbox 212 623 255 668; x_wconf 88' lang='lat' dir='ltr'>in</span> <span class='ocrx_word' id='word_1_61' title='bbox 266 619 540 686; x_wconf 57' lang='lat' dir='ltr'>conspefium</span> <span class='ocrx_word' id='word_1_62' title='bbox 563 625 795 688; x_wconf 83' lang='lat' dir='ltr'>Proregum</span> <span class='ocrx_word' id='word_1_63' title='bbox 808 619 1081 668; x_wconf 81' lang='lat' dir='ltr'>deduxerunt</span> <span class='ocrx_word' id='word_1_64' title='bbox 1092 656 1105 680; x_wconf 65' lang='lat'>2</span> <span class='ocrx_word' id='word_1_65' title='bbox 1123 618 1450 687; x_wconf 88' lang='lat' dir='ltr'>solennibusque</span> <span class='ocrx_word' id='word_1_66' title='bbox 1473 623 1682 687; x_wconf 73' lang='lat' dir='ltr'>expeditis</span> <span class='ocrx_word' id='word_1_67' title='bbox 1692 663 1704 685; x_wconf 78' lang='lat'>,</span> <span class='ocrx_word' id='word_1_68' title='bbox 1728 630 1772 674; x_wconf 85' lang='lat' dir='ltr'>in</span> 
     </span>
     <span class='ocr_line' id='line_1_8' title="bbox 92 689 883 738; baseline -0.001 0"><span class='ocrx_word' id='word_1_69' title='bbox 92 692 328 738; x_wconf 89' lang='lat' dir='ltr'>tentorium</span> <span class='ocrx_word' id='word_1_70' title='bbox 347 691 402 737; x_wconf 83' lang='lat' dir='ltr'>ab</span> <span class='ocrx_word' id='word_1_71' title='bbox 424 691 571 738; x_wconf 84' lang='lat' dir='ltr'>iisdem</span> <span class='ocrx_word' id='word_1_72' title='bbox 593 690 754 738; x_wconf 53' lang='lat' dir='ltr'>reducti</span> <span class='ocrx_word' id='word_1_73' title='bbox 778 689 883 737; x_wconf 89' lang='lat' dir='ltr'>sunt.</span> 
     </span>
    </p>

    <p class='ocr_par' dir='ltr' id='par_1_3' title="bbox 29 758 1771 1932">
     <span class='ocr_line' id='line_1_9' title="bbox 166 758 1771 828; baseline 0.002 -21"><span class='ocrx_word' id='word_1_74' title='bbox 166 763 282 808; x_wconf 84' lang='lat' dir='ltr'>Mox</span> <span class='ocrx_word' id='word_1_75' title='bbox 293 758 396 807; x_wconf 71' lang='lat' dir='ltr'>aula:</span> <span class='ocrx_word' id='word_1_76' title='bbox 407 760 601 828; x_wconf 79' lang='lat' dir='ltr'>magister</span> <span class='ocrx_word' id='word_1_77' title='bbox 617 774 719 826; x_wconf 77' lang='lat' dir='ltr'>toga</span> <span class='ocrx_word' id='word_1_78' title='bbox 730 759 901 807; x_wconf 89' lang='lat' dir='ltr'>indutus</span> <span class='ocrx_word' id='word_1_79' title='bbox 911 758 1094 807; x_wconf 87' lang='lat' dir='ltr'>coerulea</span> <span class='ocrx_word' id='word_1_80' title='bbox 1104 778 1159 807; x_wconf 81' lang='lat' dir='ltr'>ex</span> <span class='ocrx_word' id='word_1_81' title='bbox 1170 759 1302 807; x_wconf 89' lang='lat' dir='ltr'>serico</span> <span class='ocrx_word' id='word_1_82' title='bbox 1316 797 1328 819; x_wconf 64' lang='lat'>2</span> <span class='ocrx_word' id='word_1_83' title='bbox 1338 778 1468 825; x_wconf 84' lang='lat' dir='ltr'>quam</span> <span class='ocrx_word' id='word_1_84' title='bbox 1480 764 1593 810; x_wconf 84' lang='lat' dir='ltr'>aurei</span> <span class='ocrx_word' id='word_1_85' title='bbox 1603 764 1771 810; x_wconf 83' lang='lat' dir='ltr'>Draco-</span> 
     </span>
     <span class='ocr_line' id='line_1_10' title="bbox 94 828 1770 895; baseline 0.003 -20"><span class='ocrx_word' id='word_1_86' title='bbox 94 846 166 875; x_wconf 87' lang='lat' dir='ltr'>nes</span> <span class='ocrx_word' id='word_1_87' title='bbox 178 828 415 894; x_wconf 83' lang='lat' dir='ltr'>implebant</span> <span class='ocrx_word' id='word_1_88' title='bbox 426 864 439 884; x_wconf 84' lang='lat'><em>,</em></span> <span class='ocrx_word' id='word_1_89' title='bbox 459 828 571 876; x_wconf 92' lang='lat' dir='ltr'>collo</span> <span class='ocrx_word' id='word_1_90' title='bbox 594 828 744 876; x_wconf 89' lang='lat' dir='ltr'>monili</span> <span class='ocrx_word' id='word_1_91' title='bbox 766 847 821 876; x_wconf 85' lang='lat' dir='ltr'>ex</span> <span class='ocrx_word' id='word_1_92' title='bbox 837 828 1008 876; x_wconf 91' lang='lat' dir='ltr'>succino</span> <span class='ocrx_word' id='word_1_93' title='bbox 1019 829 1301 877; x_wconf 86' lang='lat' dir='ltr'>circumdatus</span> <span class='ocrx_word' id='word_1_94' title='bbox 1315 829 1386 895; x_wconf 73' lang='lat' dir='ltr'>(Sc</span> <span class='ocrx_word' id='word_1_95' title='bbox 1397 829 1468 877; x_wconf 86' lang='lat' dir='ltr'>tali</span> <span class='ocrx_word' id='word_1_96' title='bbox 1480 831 1629 880; x_wconf 87' lang='lat' dir='ltr'>habitu</span> <span class='ocrx_word' id='word_1_97' title='bbox 1641 836 1770 880; x_wconf 66' lang='lat' dir='ltr'>Man=</span> 
     </span>
     <span class='ocr_line' id='line_1_11' title="bbox 92 897 1771 966; baseline 0.004 -22"><span class='ocrx_word' id='word_1_98' title='bbox 92 897 245 958; x_wconf 85' lang='lat' dir='ltr'>darini‚</span> <span class='ocrx_word' id='word_1_99' title='bbox 258 898 638 964; x_wconf 78' lang='lat' dir='ltr'>aliiqueMagnates</span> <span class='ocrx_word' id='word_1_100' title='bbox 654 912 820 946; x_wconf 87' lang='lat' dir='ltr'>tantum</span> <span class='ocrx_word' id='word_1_101' title='bbox 832 912 1026 959; x_wconf 87' lang='lat' dir='ltr'>utuntur,</span> <span class='ocrx_word' id='word_1_102' title='bbox 1038 898 1154 965; x_wconf 89' lang='lat' dir='ltr'>plebi</span> <span class='ocrx_word' id='word_1_103' title='bbox 1164 917 1218 946; x_wconf 89' lang='lat' dir='ltr'>eo</span> <span class='ocrx_word' id='word_1_104' title='bbox 1229 898 1386 959; x_wconf 84' lang='lat' dir='ltr'>colore,</span> <span class='ocrx_word' id='word_1_105' title='bbox 1395 899 1632 966; x_wconf 85' lang='lat' dir='ltr'>vestituque</span> <span class='ocrx_word' id='word_1_106' title='bbox 1644 904 1771 950; x_wconf 83' lang='lat' dir='ltr'>inter-</span> 
     </span>
     <span class='ocr_line' id='line_1_12' title="bbox 92 965 1769 1038; baseline 0.003 -25"><span class='ocrx_word' id='word_1_107' title='bbox 92 965 289 1031; x_wconf 69' lang='lat' dir='ltr'>dic&#39;tum&gt;</span> <span class='ocrx_word' id='word_1_108' title='bbox 310 967 581 1017; x_wconf 87' lang='lat' dir='ltr'>multitudine</span> <span class='ocrx_word' id='word_1_109' title='bbox 601 968 672 1016; x_wconf 90' lang='lat' dir='ltr'>sua</span> <span class='ocrx_word' id='word_1_110' title='bbox 690 969 948 1016; x_wconf 84' lang='lat' dir='ltr'>authoritate</span> <span class='ocrx_word' id='word_1_111' title='bbox 961 966 1132 1030; x_wconf 63' lang='lat' dir='ltr'>disjeffit</span> <span class='ocrx_word' id='word_1_112' title='bbox 1144 1004 1155 1026; x_wconf 86' lang='lat'>,</span> <span class='ocrx_word' id='word_1_113' title='bbox 1174 968 1292 1017; x_wconf 89' lang='lat' dir='ltr'>cibos</span> <span class='ocrx_word' id='word_1_114' title='bbox 1303 968 1453 1017; x_wconf 84' lang='lat' dir='ltr'>mensae</span> <span class='ocrx_word' id='word_1_115' title='bbox 1466 973 1698 1038; x_wconf 85' lang='lat' dir='ltr'>Proregum</span> <span class='ocrx_word' id='word_1_116' title='bbox 1708 973 1769 1018; x_wconf 88' lang='lat' dir='ltr'>in-</span> 
     </span>
     <span class='ocr_line' id='line_1_13' title="bbox 91 1036 1767 1106; baseline 0.002 -21"><span class='ocrx_word' id='word_1_117' title='bbox 91 1037 190 1085; x_wconf 89' lang='lat' dir='ltr'>ferri</span> <span class='ocrx_word' id='word_1_118' title='bbox 209 1036 338 1101; x_wconf 84' lang='lat' dir='ltr'>juffit.</span> <span class='ocrx_word' id='word_1_119' title='bbox 386 1036 565 1103; x_wconf 82' lang='lat' dir='ltr'>Singulis</span> <span class='ocrx_word' id='word_1_120' title='bbox 586 1036 839 1104; x_wconf 85' lang='lat' dir='ltr'>Proregibus</span> <span class='ocrx_word' id='word_1_121' title='bbox 859 1037 1078 1102; x_wconf 88' lang='lat' dir='ltr'>peculiaris</span> <span class='ocrx_word' id='word_1_122' title='bbox 1089 1036 1253 1098; x_wconf 83' lang='lat' dir='ltr'>mensa,</span> <span class='ocrx_word' id='word_1_123' title='bbox 1271 1042 1569 1106; x_wconf 79' lang='lat' dir='ltr'>Tutangoque</span> <span class='ocrx_word' id='word_1_124' title='bbox 1586 1077 1597 1099; x_wconf 81' lang='lat'>,</span> <span class='ocrx_word' id='word_1_125' title='bbox 1634 1040 1767 1089; x_wconf 73' lang='lat' dir='ltr'>stratae</span> 
     </span>
     <span class='ocr_line' id='line_1_14' title="bbox 90 1105 1767 1176; baseline 0.002 -24"><span class='ocrx_word' id='word_1_126' title='bbox 90 1107 257 1171; x_wconf 88' lang='lat' dir='ltr'>mappis</span> <span class='ocrx_word' id='word_1_127' title='bbox 277 1125 334 1154; x_wconf 80' lang='lat' dir='ltr'>ex</span> <span class='ocrx_word' id='word_1_128' title='bbox 351 1105 481 1153; x_wconf 86' lang='lat' dir='ltr'>serico</span> <span class='ocrx_word' id='word_1_129' title='bbox 503 1124 735 1172; x_wconf 86' lang='lat' dir='ltr'>purpureO.</span> <span class='ocrx_word' id='word_1_130' title='bbox 770 1107 939 1154; x_wconf 87' lang='lat' dir='ltr'>Eadem</span> <span class='ocrx_word' id='word_1_131' title='bbox 958 1109 1222 1172; x_wconf 84' lang='lat' dir='ltr'>Legatorum</span> <span class='ocrx_word' id='word_1_132' title='bbox 1244 1111 1364 1155; x_wconf 83' lang='lat' dir='ltr'>ratio.</span> <span class='ocrx_word' id='word_1_133' title='bbox 1397 1109 1589 1176; x_wconf 79' lang='lat' dir='ltr'>Singulas</span> <span class='ocrx_word' id='word_1_134' title='bbox 1607 1109 1767 1174; x_wconf 77' lang='lat' dir='ltr'>mensas</span> 
     </span>
     <span class='ocr_line' id='line_1_15' title="bbox 29 1174 1765 1245; baseline 0.003 -24"><span class='ocrx_word' id='word_1_135' title='bbox 29 1213 32 1215; x_wconf 90' lang='lat'>.</span> <span class='ocrx_word' id='word_1_136' title='bbox 91 1176 374 1243; x_wconf 85' lang='lat' dir='ltr'>quadraginta</span> <span class='ocrx_word' id='word_1_137' title='bbox 389 1178 435 1223; x_wconf 87' lang='lat'>&amp;</span> <span class='ocrx_word' id='word_1_138' title='bbox 459 1175 636 1241; x_wconf 89' lang='lat' dir='ltr'>amplius</span> <span class='ocrx_word' id='word_1_139' title='bbox 646 1188 854 1243; x_wconf 84' lang='lat' dir='ltr'>argenteae</span> <span class='ocrx_word' id='word_1_140' title='bbox 866 1177 986 1223; x_wconf 91' lang='lat' dir='ltr'>omni</span> <span class='ocrx_word' id='word_1_141' title='bbox 999 1174 1385 1224; x_wconf 83' lang='lat' dir='ltr'>delicatiffirnorum</span> <span class='ocrx_word' id='word_1_142' title='bbox 1398 1196 1556 1245; x_wconf 83' lang='lat' dir='ltr'>genere</span> <span class='ocrx_word' id='word_1_143' title='bbox 1569 1178 1765 1227; x_wconf 90' lang='lat' dir='ltr'>ciborum</span> 
     </span>
     <span class='ocr_line' id='line_1_16' title="bbox 89 1243 1765 1313; baseline 0.003 -22"><span class='ocrx_word' id='word_1_144' title='bbox 89 1243 254 1291; x_wconf 65' lang='lat' dir='ltr'>refertae</span> <span class='ocrx_word' id='word_1_145' title='bbox 274 1246 427 1309; x_wconf 83' lang='lat' dir='ltr'>patinae</span> <span class='ocrx_word' id='word_1_146' title='bbox 437 1245 685 1293; x_wconf 84' lang='lat' dir='ltr'>onerabant.</span> <span class='ocrx_word' id='word_1_147' title='bbox 731 1246 852 1292; x_wconf 91' lang='lat' dir='ltr'>Tum</span> <span class='ocrx_word' id='word_1_148' title='bbox 882 1245 1105 1293; x_wconf 88' lang='lat' dir='ltr'>insonuere</span> <span class='ocrx_word' id='word_1_149' title='bbox 1124 1245 1237 1294; x_wconf 85' lang='lat' dir='ltr'>tubae</span> <span class='ocrx_word' id='word_1_150' title='bbox 1249 1283 1261 1306; x_wconf 80' lang='lat'>,</span> <span class='ocrx_word' id='word_1_151' title='bbox 1277 1262 1566 1313; x_wconf 89' lang='lat' dir='ltr'>tympanaque</span> <span class='ocrx_word' id='word_1_152' title='bbox 1579 1251 1624 1297; x_wconf 73' lang='lat' dir='ltr'>Sc</span> <span class='ocrx_word' id='word_1_153' title='bbox 1635 1266 1765 1296; x_wconf 86' lang='lat' dir='ltr'>omne</span> 
     </span>
     <span class='ocr_line' id='line_1_17' title="bbox 89 1311 1764 1381; baseline 0.004 -21"><span class='ocrx_word' id='word_1_154' title='bbox 89 1311 355 1361; x_wconf 81' lang='lat' dir='ltr'>Musicorum</span> <span class='ocrx_word' id='word_1_155' title='bbox 376 1332 508 1381; x_wconf 84' lang='lat' dir='ltr'>genus</span> <span class='ocrx_word' id='word_1_156' title='bbox 520 1351 532 1374; x_wconf 81' lang='lat'>,</span> <span class='ocrx_word' id='word_1_157' title='bbox 553 1315 697 1362; x_wconf 80' lang='lat' dir='ltr'>nostris</span> <span class='ocrx_word' id='word_1_158' title='bbox 708 1332 885 1380; x_wconf 92' lang='lat' dir='ltr'>quoque</span> <span class='ocrx_word' id='word_1_159' title='bbox 896 1328 1029 1363; x_wconf 89' lang='lat' dir='ltr'>artem</span> <span class='ocrx_word' id='word_1_160' title='bbox 1042 1314 1159 1363; x_wconf 90' lang='lat' dir='ltr'>suam</span> <span class='ocrx_word' id='word_1_161' title='bbox 1172 1316 1487 1365; x_wconf 85' lang='lat' dir='ltr'>ostentantibus,</span> <span class='ocrx_word' id='word_1_162' title='bbox 1526 1316 1690 1365; x_wconf 79' lang='lat' dir='ltr'>Musica</span> <span class='ocrx_word' id='word_1_163' title='bbox 1703 1321 1764 1365; x_wconf 83' lang='lat' dir='ltr'>Si-</span> 
     </span>
     <span class='ocr_line' id='line_1_18' title="bbox 89 1380 1763 1452; baseline 0.003 -24"><span class='ocrx_word' id='word_1_164' title='bbox 89 1380 282 1429; x_wconf 85' lang='lat' dir='ltr'>nensium</span> <span class='ocrx_word' id='word_1_165' title='bbox 293 1386 412 1431; x_wconf 88' lang='lat' dir='ltr'>variis</span> <span class='ocrx_word' id='word_1_166' title='bbox 422 1398 642 1432; x_wconf 82' lang='lat' dir='ltr'>exercetur</span> <span class='ocrx_word' id='word_1_167' title='bbox 651 1383 1097 1450; x_wconf 79' lang='lat' dir='ltr'>instrumentis,quaein</span> <span class='ocrx_word' id='word_1_168' title='bbox 1106 1384 1247 1433; x_wconf 90' lang='lat' dir='ltr'>multis</span> <span class='ocrx_word' id='word_1_169' title='bbox 1257 1385 1310 1433; x_wconf 89' lang='lat' dir='ltr'>ab</span> <span class='ocrx_word' id='word_1_170' title='bbox 1318 1390 1631 1452; x_wconf 81' lang='lat' dir='ltr'>Europaeorum</span> <span class='ocrx_word' id='word_1_171' title='bbox 1643 1404 1763 1434; x_wconf 83' lang='lat' dir='ltr'>more</span> 
     </span>
     <span class='ocr_line' id='line_1_19' title="bbox 87 1449 1763 1518; baseline 0.003 -21"><span class='ocrx_word' id='word_1_172' title='bbox 87 1449 306 1517; x_wconf 89' lang='lat' dir='ltr'>discrepat.</span> <span class='ocrx_word' id='word_1_173' title='bbox 335 1452 524 1500; x_wconf 81' lang='lat' dir='ltr'>Chordae</span> <span class='ocrx_word' id='word_1_174' title='bbox 535 1470 625 1500; x_wconf 90' lang='lat' dir='ltr'>non</span> <span class='ocrx_word' id='word_1_175' title='bbox 638 1471 693 1500; x_wconf 77' lang='lat' dir='ltr'>ex</span> <span class='ocrx_word' id='word_1_176' title='bbox 705 1452 919 1518; x_wconf 83' lang='lat' dir='ltr'>Chalybe,</span> <span class='ocrx_word' id='word_1_177' title='bbox 929 1453 998 1502; x_wconf 89' lang='lat' dir='ltr'>vel</span> <span class='ocrx_word' id='word_1_178' title='bbox 1008 1457 1158 1509; x_wconf 80' lang='lat' dir='ltr'>nervis,</span> <span class='ocrx_word' id='word_1_179' title='bbox 1167 1455 1238 1503; x_wconf 88' lang='lat' dir='ltr'>sed</span> <span class='ocrx_word' id='word_1_180' title='bbox 1248 1455 1378 1503; x_wconf 90' lang='lat' dir='ltr'>serico</span> <span class='ocrx_word' id='word_1_181' title='bbox 1388 1456 1581 1502; x_wconf 86' lang='lat' dir='ltr'>constant</span> <span class='ocrx_word' id='word_1_182' title='bbox 1592 1492 1603 1514; x_wconf 79' lang='lat'>,</span> <span class='ocrx_word' id='word_1_183' title='bbox 1617 1471 1665 1503; x_wconf 90' lang='lat' dir='ltr'>ut</span> <span class='ocrx_word' id='word_1_184' title='bbox 1687 1459 1763 1502; x_wconf 39' lang='lat' dir='ltr'>Cia</span> 
     </span>
     <span class='ocr_line' id='line_1_20' title="bbox 91 1521 1765 1588; baseline 0.002 -20"><span class='ocrx_word' id='word_1_185' title='bbox 91 1521 217 1568; x_wconf 84' lang='lat' dir='ltr'>tharis</span> <span class='ocrx_word' id='word_1_186' title='bbox 225 1521 337 1568; x_wconf 88' lang='lat' dir='ltr'>haud</span> <span class='ocrx_word' id='word_1_187' title='bbox 348 1523 582 1588; x_wconf 81' lang='lat' dir='ltr'>incongrue</span> <span class='ocrx_word' id='word_1_188' title='bbox 591 1521 858 1580; x_wconf 80' lang='lat' dir='ltr'>utuntur3sed</span> <span class='ocrx_word' id='word_1_189' title='bbox 869 1524 1129 1588; x_wconf 82' lang='lat' dir='ltr'>praecipuum</span> <span class='ocrx_word' id='word_1_190' title='bbox 1141 1524 1367 1570; x_wconf 87' lang='lat' dir='ltr'>artificium</span> <span class='ocrx_word' id='word_1_191' title='bbox 1376 1525 1419 1569; x_wconf 92' lang='lat' dir='ltr'>in</span> <span class='ocrx_word' id='word_1_192' title='bbox 1432 1526 1578 1588; x_wconf 74' lang='lat' dir='ltr'>Znga</span> <span class='ocrx_word' id='word_1_193' title='bbox 1595 1523 1678 1588; x_wconf 78' lang='lat' dir='ltr'>(ita</span> <span class='ocrx_word' id='word_1_194' title='bbox 1691 1544 1765 1573; x_wconf 91' lang='lat' dir='ltr'>vo—</span> 
     </span>
     <span class='ocr_line' id='line_1_21' title="bbox 89 1590 1762 1659; baseline 0.003 -23"><span class='ocrx_word' id='word_1_195' title='bbox 89 1603 188 1637; x_wconf 91' lang='lat' dir='ltr'>cant</span> <span class='ocrx_word' id='word_1_196' title='bbox 197 1608 390 1655; x_wconf 84' lang='lat' dir='ltr'>organon</span> <span class='ocrx_word' id='word_1_197' title='bbox 402 1590 618 1638; x_wconf 82' lang='lat' dir='ltr'>Muficum</span> <span class='ocrx_word' id='word_1_198' title='bbox 629 1591 788 1638; x_wconf 87' lang='lat' dir='ltr'>ciendis</span> <span class='ocrx_word' id='word_1_199' title='bbox 799 1591 1018 1640; x_wconf 68' lang='lat' dir='ltr'>affeffibus</span> <span class='ocrx_word' id='word_1_200' title='bbox 1029 1590 1395 1655; x_wconf 80' lang='lat' dir='ltr'>accommodum)</span> <span class='ocrx_word' id='word_1_201' title='bbox 1418 1595 1463 1640; x_wconf 73' lang='lat'>8&lt;</span> <span class='ocrx_word' id='word_1_202' title='bbox 1480 1593 1657 1640; x_wconf 82' lang='lat' dir='ltr'>ossiculis</span> <span class='ocrx_word' id='word_1_203' title='bbox 1668 1597 1762 1659; x_wconf 89' lang='lat' dir='ltr'>qui—</span> 
     </span>
     <span class='ocr_line' id='line_1_22' title="bbox 88 1657 1763 1727; baseline 0.004 -22"><span class='ocrx_word' id='word_1_204' title='bbox 88 1657 269 1706; x_wconf 86' lang='lat' dir='ltr'>busdam</span> <span class='ocrx_word' id='word_1_205' title='bbox 280 1696 293 1718; x_wconf 82' lang='lat'>,</span> <span class='ocrx_word' id='word_1_206' title='bbox 311 1659 519 1727; x_wconf 80' lang='lat' dir='ltr'>lignisque</span> <span class='ocrx_word' id='word_1_207' title='bbox 530 1660 752 1708; x_wconf 56' lang='lat' dir='ltr'>trafftandis</span> <span class='ocrx_word' id='word_1_208' title='bbox 759 1659 955 1707; x_wconf 84' lang='lat' dir='ltr'>consistit.</span> <span class='ocrx_word' id='word_1_209' title='bbox 992 1658 1115 1707; x_wconf 91' lang='lat' dir='ltr'>Nihil</span> <span class='ocrx_word' id='word_1_210' title='bbox 1126 1659 1201 1706; x_wconf 90' lang='lat' dir='ltr'>illis</span> <span class='ocrx_word' id='word_1_211' title='bbox 1211 1662 1255 1707; x_wconf 91' lang='lat' dir='ltr'>in</span> <span class='ocrx_word' id='word_1_212' title='bbox 1266 1678 1374 1708; x_wconf 87' lang='lat' dir='ltr'>voce</span> <span class='ocrx_word' id='word_1_213' title='bbox 1392 1661 1654 1710; x_wconf 87' lang='lat' dir='ltr'>modulanda</span> <span class='ocrx_word' id='word_1_214' title='bbox 1666 1682 1763 1711; x_wconf 76' lang='lat' dir='ltr'>exa-</span> 
     </span>
     <span class='ocr_line' id='line_1_23' title="bbox 89 1727 1762 1794; baseline 0.002 -18"><span class='ocrx_word' id='word_1_215' title='bbox 89 1727 194 1776; x_wconf 71' lang='lat' dir='ltr'>&amp;ius</span> <span class='ocrx_word' id='word_1_216' title='bbox 207 1766 221 1787; x_wconf 91' lang='lat'><em>‚</em></span> <span class='ocrx_word' id='word_1_217' title='bbox 244 1728 354 1776; x_wconf 89' lang='lat' dir='ltr'>adeo</span> <span class='ocrx_word' id='word_1_218' title='bbox 373 1728 661 1794; x_wconf 89' lang='lat' dir='ltr'>multipliciter</span> <span class='ocrx_word' id='word_1_219' title='bbox 679 1747 774 1777; x_wconf 89' lang='lat' dir='ltr'>eam</span> <span class='ocrx_word' id='word_1_220' title='bbox 793 1729 949 1777; x_wconf 88' lang='lat' dir='ltr'>sonoro</span> <span class='ocrx_word' id='word_1_221' title='bbox 966 1729 1080 1777; x_wconf 60' lang='lat' dir='ltr'>taeta</span> <span class='ocrx_word' id='word_1_222' title='bbox 1090 1731 1249 1777; x_wconf 87' lang='lat' dir='ltr'>variare</span> <span class='ocrx_word' id='word_1_223' title='bbox 1260 1768 1275 1789; x_wconf 84' lang='lat'><em>,</em></span> <span class='ocrx_word' id='word_1_224' title='bbox 1289 1732 1334 1778; x_wconf 87' lang='lat'>&amp;</span> <span class='ocrx_word' id='word_1_225' title='bbox 1346 1728 1517 1778; x_wconf 82' lang='lat' dir='ltr'>Mufico</span> <span class='ocrx_word' id='word_1_226' title='bbox 1529 1731 1634 1778; x_wconf 92' lang='lat' dir='ltr'>sono</span> <span class='ocrx_word' id='word_1_227' title='bbox 1643 1750 1762 1779; x_wconf 55' lang='lat' dir='ltr'>acca</span> 
     </span>
     <span class='ocr_line' id='line_1_24' title="bbox 88 1797 1761 1867; baseline 0.004 -23"><span class='ocrx_word' id='word_1_228' title='bbox 88 1798 221 1845; x_wconf 92' lang='lat' dir='ltr'>mode</span> <span class='ocrx_word' id='word_1_229' title='bbox 231 1797 402 1846; x_wconf 90' lang='lat' dir='ltr'>miscere</span> <span class='ocrx_word' id='word_1_230' title='bbox 412 1800 584 1864; x_wconf 76' lang='lat' dir='ltr'>possunt</span> <span class='ocrx_word' id='word_1_231' title='bbox 594 1837 609 1859; x_wconf 81' lang='lat'><em>,</em></span> <span class='ocrx_word' id='word_1_232' title='bbox 620 1813 669 1846; x_wconf 90' lang='lat' dir='ltr'>ut</span> <span class='ocrx_word' id='word_1_233' title='bbox 682 1802 877 1847; x_wconf 91' lang='lat' dir='ltr'>omnium</span> <span class='ocrx_word' id='word_1_234' title='bbox 888 1797 1151 1865; x_wconf 90' lang='lat' dir='ltr'>populorum</span> <span class='ocrx_word' id='word_1_235' title='bbox 1162 1800 1357 1864; x_wconf 90' lang='lat' dir='ltr'>peritiam</span> <span class='ocrx_word' id='word_1_236' title='bbox 1367 1798 1463 1865; x_wconf 87' lang='lat' dir='ltr'>post</span> <span class='ocrx_word' id='word_1_237' title='bbox 1474 1799 1514 1846; x_wconf 91' lang='lat' dir='ltr'>se</span> <span class='ocrx_word' id='word_1_238' title='bbox 1524 1799 1595 1846; x_wconf 90' lang='lat' dir='ltr'>lon</span> <span class='ocrx_word' id='word_1_239' title='bbox 1600 1802 1761 1867; x_wconf 82' lang='lat' dir='ltr'>gissimc</span> 
     </span>
     <span class='ocr_line' id='line_1_25' title="bbox 90 1866 345 1932; baseline 0.004 -18"><span class='ocrx_word' id='word_1_240' title='bbox 90 1866 345 1932; x_wconf 87' lang='lat' dir='ltr'>relinquant.</span> 
     </span>
    </p>

    <p class='ocr_par' dir='ltr' id='par_1_4' title="bbox 87 1934 1869 2330">
     <span class='ocr_line' id='line_1_26' title="bbox 158 1934 1869 2004; baseline 0.002 -22"><span class='ocrx_word' id='word_1_241' title='bbox 158 1938 331 1984; x_wconf 81' lang='lat' dir='ltr'>Initium</span> <span class='ocrx_word' id='word_1_242' title='bbox 342 1937 529 1987; x_wconf 89' lang='lat' dir='ltr'>convivii</span> <span class='ocrx_word' id='word_1_243' title='bbox 546 1937 569 1984; x_wconf 69' lang='lat' dir='ltr'>a</span> <span class='ocrx_word' id='word_1_244' title='bbox 591 1951 701 2002; x_wconf 90' lang='lat' dir='ltr'>potu</span> <span class='ocrx_word' id='word_1_245' title='bbox 715 1938 790 1985; x_wconf 76' lang='lat' dir='ltr'>Cha</span> <span class='ocrx_word' id='word_1_246' title='bbox 801 1934 870 1985; x_wconf 87' lang='lat' dir='ltr'>vel</span> <span class='ocrx_word' id='word_1_247' title='bbox 882 1935 967 1984; x_wconf 78' lang='lat' dir='ltr'>The</span> <span class='ocrx_word' id='word_1_248' title='bbox 979 1972 991 1995; x_wconf 80' lang='lat'>,</span> <span class='ocrx_word' id='word_1_249' title='bbox 1008 1934 1249 1984; x_wconf 85' lang='lat' dir='ltr'>Sinenfibus</span> <span class='ocrx_word' id='word_1_250' title='bbox 1267 1936 1531 2004; x_wconf 83' lang='lat' dir='ltr'>magnalibus</span> <span class='ocrx_word' id='word_1_251' title='bbox 1548 1939 1761 2003; x_wconf 82' lang='lat' dir='ltr'>peculiari,</span> <span class='ocrx_word' id='word_1_252' title='bbox 1779 1954 1869 1985; x_wconf 62' lang='lat' dir='ltr'>Potue</span> 
     </span>
     <span class='ocr_line' id='line_1_27' title="bbox 87 1995 1849 2073; baseline 0.002 -19"><span class='ocrx_word' id='word_1_253' title='bbox 87 2005 262 2054; x_wconf 60' lang='lat' dir='ltr'>fastum.</span> <span class='ocrx_word' id='word_1_254' title='bbox 297 2009 335 2053; x_wconf 91' lang='lat' dir='ltr'>Is</span> <span class='ocrx_word' id='word_1_255' title='bbox 346 2024 401 2054; x_wconf 84' lang='lat' dir='ltr'>ex</span> <span class='ocrx_word' id='word_1_256' title='bbox 412 2006 544 2054; x_wconf 89' lang='lat' dir='ltr'>herba</span> <span class='ocrx_word' id='word_1_257' title='bbox 553 2006 637 2054; x_wconf 75' lang='lat' dir='ltr'>The</span> <span class='ocrx_word' id='word_1_258' title='bbox 648 2005 716 2054; x_wconf 88' lang='lat' dir='ltr'>vel</span> <span class='ocrx_word' id='word_1_259' title='bbox 726 2007 803 2053; x_wconf 70' lang='lat' dir='ltr'>clm</span> <span class='ocrx_word' id='word_1_260' title='bbox 821 2007 865 2052; x_wconf 93' lang='lat' dir='ltr'>in</span> <span class='ocrx_word' id='word_1_261' title='bbox 877 2024 987 2071; x_wconf 86' lang='lat' dir='ltr'>aqua</span> <span class='ocrx_word' id='word_1_262' title='bbox 1002 2005 1119 2053; x_wconf 55' lang='lat' dir='ltr'>costa</span> <span class='ocrx_word' id='word_1_263' title='bbox 1127 2039 1141 2060; x_wconf 86' lang='grc'>,</span> <span class='ocrx_word' id='word_1_264' title='bbox 1163 2006 1464 2072; x_wconf 83' lang='lat' dir='ltr'>percolataque</span> <span class='ocrx_word' id='word_1_265' title='bbox 1473 2011 1762 2073; x_wconf 79' lang='lat' dir='ltr'>componitur,</span> <span class='ocrx_word' id='word_1_266' title='bbox 1777 1995 1849 2026; x_wconf 46' lang='grc' dir='ltr'>ω’·</span> 
     </span>
     <span class='ocr_line' id='line_1_28' title="bbox 89 2073 1762 2142; baseline 0.004 -21"><span class='ocrx_word' id='word_1_267' title='bbox 89 2077 159 2122; x_wconf 89' lang='lat' dir='ltr'>cui</span> <span class='ocrx_word' id='word_1_268' title='bbox 169 2073 233 2122; x_wconf 92' lang='lat' dir='ltr'>lac</span> <span class='ocrx_word' id='word_1_269' title='bbox 243 2074 369 2123; x_wconf 89' lang='lat' dir='ltr'>dulce</span> <span class='ocrx_word' id='word_1_270' title='bbox 379 2110 393 2130; x_wconf 84' lang='lat'><em>,</em></span> <span class='ocrx_word' id='word_1_271' title='bbox 403 2074 676 2141; x_wconf 89' lang='lat' dir='ltr'>calidumque</span> <span class='ocrx_word' id='word_1_272' title='bbox 687 2093 786 2122; x_wconf 91' lang='lat' dir='ltr'>cum</span> <span class='ocrx_word' id='word_1_273' title='bbox 797 2076 906 2122; x_wconf 89' lang='lat' dir='ltr'>mica</span> <span class='ocrx_word' id='word_1_274' title='bbox 917 2074 1004 2123; x_wconf 73' lang='lat' dir='ltr'>salis</span> <span class='ocrx_word' id='word_1_275' title='bbox 1013 2074 1258 2131; x_wconf 81' lang='lat' dir='ltr'>admiscent,</span> <span class='ocrx_word' id='word_1_276' title='bbox 1267 2075 1567 2142; x_wconf 83' lang='lat' dir='ltr'>fervidumque</span> <span class='ocrx_word' id='word_1_277' title='bbox 1578 2077 1762 2127; x_wconf 74' lang='lat' dir='ltr'>sorbent.</span> 
     </span>
     <span class='ocr_line' id='line_1_29' title="bbox 87 2143 1761 2210; baseline 0.002 -18"><span class='ocrx_word' id='word_1_278' title='bbox 87 2147 288 2210; x_wconf 81' lang='lat' dir='ltr'>Ingentes</span> <span class='ocrx_word' id='word_1_279' title='bbox 312 2146 352 2192; x_wconf 92' lang='lat' dir='ltr'>ei</span> <span class='ocrx_word' id='word_1_280' title='bbox 372 2146 544 2193; x_wconf 89' lang='lat' dir='ltr'>virtutes</span> <span class='ocrx_word' id='word_1_281' title='bbox 564 2144 782 2203; x_wconf 82' lang='lat' dir='ltr'>tribuunt,</span> <span class='ocrx_word' id='word_1_282' title='bbox 803 2143 1191 2210; x_wconf 88' lang='lat' dir='ltr'>nequeminoribus</span> <span class='ocrx_word' id='word_1_283' title='bbox 1212 2144 1444 2194; x_wconf 86' lang='lat' dir='ltr'>celebratur</span> <span class='ocrx_word' id='word_1_284' title='bbox 1463 2148 1506 2193; x_wconf 90' lang='lat' dir='ltr'>in</span> <span class='ocrx_word' id='word_1_285' title='bbox 1519 2149 1618 2194; x_wconf 84' lang='lat' dir='ltr'>Sina</span> <span class='ocrx_word' id='word_1_286' title='bbox 1629 2147 1761 2197; x_wconf 89' lang='lat' dir='ltr'>laudi-</span> 
     </span>
     <span class='ocr_line' id='line_1_30' title="bbox 89 2212 1760 2282; baseline 0.003 -22"><span class='ocrx_word' id='word_1_287' title='bbox 89 2213 191 2272; x_wconf 83' lang='lat' dir='ltr'>bus,</span> <span class='ocrx_word' id='word_1_288' title='bbox 209 2231 339 2278; x_wconf 88' lang='lat' dir='ltr'>quam</span> <span class='ocrx_word' id='word_1_289' title='bbox 358 2212 614 2261; x_wconf 81' lang='lat' dir='ltr'>Alchimistae</span> <span class='ocrx_word' id='word_1_290' title='bbox 635 2214 821 2280; x_wconf 88' lang='lat' dir='ltr'>lapidem</span> <span class='ocrx_word' id='word_1_291' title='bbox 839 2213 959 2261; x_wconf 90' lang='lat' dir='ltr'>suum</span> <span class='ocrx_word' id='word_1_292' title='bbox 971 2251 983 2274; x_wconf 89' lang='lat'>‚</span> <span class='ocrx_word' id='word_1_293' title='bbox 1003 2213 1071 2262; x_wconf 90' lang='lat' dir='ltr'>vel</span> <span class='ocrx_word' id='word_1_294' title='bbox 1090 2219 1260 2263; x_wconf 89' lang='lat' dir='ltr'>Aurum</span> <span class='ocrx_word' id='word_1_295' title='bbox 1273 2215 1467 2264; x_wconf 86' lang='lat' dir='ltr'>Potabilc</span> <span class='ocrx_word' id='word_1_296' title='bbox 1482 2216 1760 2282; x_wconf 74' lang='lat' dir='ltr'>depraedicare</span> 
     </span>
     <span class='ocr_line' id='line_1_31' title="bbox 90 2281 239 2330; baseline 0 -1"><span class='ocrx_word' id='word_1_297' title='bbox 90 2281 239 2330; x_wconf 87' lang='lat' dir='ltr'>solent.</span> 
     </span>
    </p>

    <p class='ocr_par' dir='ltr' id='par_1_5' title="bbox 91 2349 1920 2767">
     <span class='ocr_line' id='line_1_32' title="bbox 162 2349 1920 2422; baseline 0.003 -24"><span class='ocrx_word' id='word_1_298' title='bbox 162 2351 389 2416; x_wconf 87' lang='lat' dir='ltr'>Postquam</span> <span class='ocrx_word' id='word_1_299' title='bbox 402 2350 485 2398; x_wconf 76' lang='lat' dir='ltr'>The</span> <span class='ocrx_word' id='word_1_300' title='bbox 497 2349 646 2418; x_wconf 80' lang='lat' dir='ltr'>singuli</span> <span class='ocrx_word' id='word_1_301' title='bbox 655 2350 888 2412; x_wconf 78' lang='lat' dir='ltr'>hausissent,</span> <span class='ocrx_word' id='word_1_302' title='bbox 898 2354 1144 2400; x_wconf 89' lang='lat' dir='ltr'>convivium</span> <span class='ocrx_word' id='word_1_303' title='bbox 1155 2354 1299 2418; x_wconf 87' lang='lat' dir='ltr'>coepit.</span> <span class='ocrx_word' id='word_1_304' title='bbox 1335 2357 1374 2400; x_wconf 90' lang='lat' dir='ltr'>E</span> <span class='ocrx_word' id='word_1_305' title='bbox 1386 2356 1561 2421; x_wconf 81' lang='lat' dir='ltr'>regione</span> <span class='ocrx_word' id='word_1_306' title='bbox 1574 2358 1758 2422; x_wconf 82' lang='lat' dir='ltr'>Legato-</span> <span class='ocrx_word' id='word_1_307' title='bbox 1775 2371 1920 2419; x_wconf 68' lang='lat' dir='ltr'>Prqreges</span> 
     </span>
     <span class='ocr_line' id='line_1_33' title="bbox 91 2418 1914 2494; baseline 0.003 -26"><span class='ocrx_word' id='word_1_308' title='bbox 91 2439 186 2468; x_wconf 87' lang='lat' dir='ltr'>rum</span> <span class='ocrx_word' id='word_1_309' title='bbox 197 2423 287 2470; x_wconf 92' lang='lat' dir='ltr'>duo</span> <span class='ocrx_word' id='word_1_310' title='bbox 305 2424 506 2489; x_wconf 82' lang='lat' dir='ltr'>Proteges</span> <span class='ocrx_word' id='word_1_311' title='bbox 531 2438 631 2467; x_wconf 91' lang='lat' dir='ltr'>cum</span> <span class='ocrx_word' id='word_1_312' title='bbox 645 2419 823 2488; x_wconf 78' lang='lat' dir='ltr'>Tutango</span> <span class='ocrx_word' id='word_1_313' title='bbox 842 2420 1120 2469; x_wconf 86' lang='lat' dir='ltr'>considebant</span> <span class='ocrx_word' id='word_1_314' title='bbox 1132 2459 1144 2481; x_wconf 79' lang='lat'>,</span> <span class='ocrx_word' id='word_1_315' title='bbox 1159 2422 1281 2470; x_wconf 87' lang='lat' dir='ltr'>vultu</span> <span class='ocrx_word' id='word_1_316' title='bbox 1297 2421 1416 2470; x_wconf 86' lang='lat' dir='ltr'>hilari</span> <span class='ocrx_word' id='word_1_317' title='bbox 1436 2418 1481 2472; x_wconf 62' lang='grc' dir='ltr'>ὃς</span> <span class='ocrx_word' id='word_1_318' title='bbox 1504 2422 1914 2494; x_wconf 57' lang='grc' dir='ltr'>[ἱι]ἓι11ειι·ειῃζ]ᾗῖζῖζζ’“</span> 
     </span>
     <span class='ocr_line' id='line_1_34' title="bbox 92 2489 1757 2559; baseline 0.004 -23"><span class='ocrx_word' id='word_1_319' title='bbox 92 2508 190 2557; x_wconf 79' lang='lat' dir='ltr'>erga</span> <span class='ocrx_word' id='word_1_320' title='bbox 202 2495 386 2556; x_wconf 76' lang='lat' dir='ltr'>Legatos</span> <span class='ocrx_word' id='word_1_321' title='bbox 396 2489 741 2539; x_wconf 86' lang='lat' dir='ltr'>benevolentiam</span> <span class='ocrx_word' id='word_1_322' title='bbox 750 2491 998 2556; x_wconf 89' lang='lat' dir='ltr'>spondente.</span> <span class='ocrx_word' id='word_1_323' title='bbox 1042 2490 1279 2557; x_wconf 86' lang='lat' dir='ltr'>Colloquia</span> <span class='ocrx_word' id='word_1_324' title='bbox 1298 2509 1497 2559; x_wconf 83' lang='lat' dir='ltr'>magnam</span> <span class='ocrx_word' id='word_1_325' title='bbox 1519 2506 1683 2558; x_wconf 89' lang='lat' dir='ltr'>partem</span> <span class='ocrx_word' id='word_1_326' title='bbox 1702 2496 1757 2543; x_wconf 89' lang='lat' dir='ltr'>de</span> 
     </span>
     <span class='ocr_line' id='line_1_35' title="bbox 94 2559 1759 2626; baseline 0.004 -21"><span class='ocrx_word' id='word_1_327' title='bbox 94 2559 341 2619; x_wconf 79' lang='lat' dir='ltr'>Hollandia,</span> <span class='ocrx_word' id='word_1_328' title='bbox 350 2559 438 2623; x_wconf 88' lang='lat' dir='ltr'>ejus</span> <span class='ocrx_word' id='word_1_329' title='bbox 449 2559 609 2619; x_wconf 80' lang='lat' dir='ltr'>incolis,</span> <span class='ocrx_word' id='word_1_330' title='bbox 619 2560 890 2626; x_wconf 88' lang='lat' dir='ltr'>moribusque</span> <span class='ocrx_word' id='word_1_331' title='bbox 899 2560 1238 2620; x_wconf 82' lang='lat' dir='ltr'>instituebantur,</span> <span class='ocrx_word' id='word_1_332' title='bbox 1248 2560 1430 2609; x_wconf 89' lang='lat' dir='ltr'>multum</span> <span class='ocrx_word' id='word_1_333' title='bbox 1441 2563 1759 2623; x_wconf 71' lang='lat' dir='ltr'>admirantibus,</span> 
     </span>
     <span class='ocr_line' id='line_1_36' title="bbox 96 2627 1756 2698; baseline 0.005 -25"><span class='ocrx_word' id='word_1_334' title='bbox 96 2627 446 2695; x_wconf 83' lang='lat' dir='ltr'>laudantibusque</span> <span class='ocrx_word' id='word_1_335' title='bbox 465 2631 762 2678; x_wconf 79' lang='lat' dir='ltr'>dexteritatem</span> <span class='ocrx_word' id='word_1_336' title='bbox 782 2633 1043 2696; x_wconf 82' lang='lat' dir='ltr'>Legatorum</span> <span class='ocrx_word' id='word_1_337' title='bbox 1061 2631 1378 2698; x_wconf 84' lang='lat' dir='ltr'>adinterrogata</span> <span class='ocrx_word' id='word_1_338' title='bbox 1391 2645 1591 2697; x_wconf 89' lang='lat' dir='ltr'>prompte</span> <span class='ocrx_word' id='word_1_339' title='bbox 1602 2635 1756 2697; x_wconf 84' lang='lat' dir='ltr'>paritet</span> 
     </span>
     <span class='ocr_line' id='line_1_37' title="bbox 99 2699 1124 2767; baseline 0.007 -25"><span class='ocrx_word' id='word_1_340' title='bbox 99 2700 363 2764; x_wconf 85' lang='lat' dir='ltr'>provideque</span> <span class='ocrx_word' id='word_1_341' title='bbox 374 2699 723 2765; x_wconf 82' lang='lat' dir='ltr'>respondentium</span> <span class='ocrx_word' id='word_1_342' title='bbox 736 2702 919 2767; x_wconf 83' lang='lat' dir='ltr'>Prorege</span> <span class='ocrx_word' id='word_1_343' title='bbox 929 2714 1124 2766; x_wconf 89' lang='lat' dir='ltr'>utroque.</span> 
     </span>
    </p>

    <p class='ocr_par' dir='ltr' id='par_1_6' title="bbox 99 2767 1891 2976">
     <span class='ocr_line' id='line_1_38' title="bbox 168 2767 1756 2837; baseline 0.003 -24"><span class='ocrx_word' id='word_1_344' title='bbox 168 2767 329 2815; x_wconf 83' lang='lat' dir='ltr'>Crebra</span> <span class='ocrx_word' id='word_1_345' title='bbox 345 2787 400 2816; x_wconf 82' lang='lat' dir='ltr'>ex</span> <span class='ocrx_word' id='word_1_346' title='bbox 411 2771 542 2816; x_wconf 84' lang='lat' dir='ltr'>aureis</span> <span class='ocrx_word' id='word_1_347' title='bbox 551 2767 777 2816; x_wconf 90' lang='lat' dir='ltr'>crateribus</span> <span class='ocrx_word' id='word_1_348' title='bbox 787 2767 908 2817; x_wconf 91' lang='lat' dir='ltr'>vultu</span> <span class='ocrx_word' id='word_1_349' title='bbox 918 2805 930 2827; x_wconf 83' lang='lat'>,</span> <span class='ocrx_word' id='word_1_350' title='bbox 951 2769 1156 2837; x_wconf 82' lang='lat' dir='ltr'>gestuque</span> <span class='ocrx_word' id='word_1_351' title='bbox 1166 2769 1412 2834; x_wconf 88' lang='lat' dir='ltr'>propinatio</span> <span class='ocrx_word' id='word_1_352' title='bbox 1423 2805 1435 2827; x_wconf 81' lang='lat'>,</span> <span class='ocrx_word' id='word_1_353' title='bbox 1450 2771 1600 2837; x_wconf 84' lang='lat' dir='ltr'>Legati</span> <span class='ocrx_word' id='word_1_354' title='bbox 1612 2772 1756 2818; x_wconf 87' lang='lat' dir='ltr'>medio</span> 
     </span>
     <span class='ocr_line' id='line_1_39' title="bbox 99 2835 1757 2907; baseline 0.005 -27"><span class='ocrx_word' id='word_1_355' title='bbox 99 2836 285 2882; x_wconf 88' lang='lat' dir='ltr'>convivii</span> <span class='ocrx_word' id='word_1_356' title='bbox 303 2835 471 2903; x_wconf 81' lang='lat' dir='ltr'>singulis</span> <span class='ocrx_word' id='word_1_357' title='bbox 489 2839 645 2885; x_wconf 88' lang='lat' dir='ltr'>vitrum</span> <span class='ocrx_word' id='word_1_358' title='bbox 664 2840 751 2885; x_wconf 90' lang='lat' dir='ltr'>vini</span> <span class='ocrx_word' id='word_1_359' title='bbox 764 2837 978 2904; x_wconf 83' lang='lat' dir='ltr'>Hispanici</span> <span class='ocrx_word' id='word_1_360' title='bbox 989 2839 1293 2905; x_wconf 84' lang='lat' dir='ltr'>porrigendum</span> <span class='ocrx_word' id='word_1_361' title='bbox 1303 2836 1526 2897; x_wconf 78' lang='lat' dir='ltr'>curabant,</span> <span class='ocrx_word' id='word_1_362' title='bbox 1546 2857 1638 2903; x_wconf 89' lang='lat' dir='ltr'>quo</span> <span class='ocrx_word' id='word_1_363' title='bbox 1647 2856 1757 2907; x_wconf 83' lang='lat' dir='ltr'>potu</span> 
     </span>
     <span class='ocr_line' id='line_1_40' title="bbox 99 2904 1891 2976; baseline 0.004 -26"><span class='ocrx_word' id='word_1_364' title='bbox 99 2904 210 2952; x_wconf 87' lang='lat' dir='ltr'>adeo</span> <span class='ocrx_word' id='word_1_365' title='bbox 221 2904 604 2967; x_wconf 63' lang='lat' dir='ltr'>delestabantur‚ut</span> <span class='ocrx_word' id='word_1_366' title='bbox 616 2906 735 2954; x_wconf 90' lang='lat' dir='ltr'>suum</span> <span class='ocrx_word' id='word_1_367' title='bbox 747 2912 911 2966; x_wconf 60' lang='lat' dir='ltr'>Snmzou</span> <span class='ocrx_word' id='word_1_368' title='bbox 921 2907 1198 2975; x_wconf 78' lang='lat' dir='ltr'>negligerent.</span> <span class='ocrx_word' id='word_1_369' title='bbox 1217 2906 1291 2955; x_wconf 84' lang='lat' dir='ltr'>Est</span> <span class='ocrx_word' id='word_1_370' title='bbox 1302 2921 1445 2954; x_wconf 85' lang='lat' dir='ltr'>autem</span> <span class='ocrx_word' id='word_1_371' title='bbox 1458 2910 1625 2972; x_wconf 49' lang='lat' dir='ltr'>Srzmqou</span> <span class='ocrx_word' id='word_1_372' title='bbox 1633 2925 1758 2976; x_wconf 86' lang='lat' dir='ltr'>potus</span> <span class='ocrx_word' id='word_1_373' title='bbox 1800 2925 1891 2953; x_wconf 66' lang='lat' dir='ltr'>Pctus</span> 
     </span>
    </p>

    <p class='ocr_par' dir='ltr' id='par_1_7' title="bbox 97 2968 1905 3251">
     <span class='ocr_line' id='line_1_41' title="bbox 101 2968 1905 3043; baseline 0.006 -26"><span class='ocrx_word' id='word_1_374' title='bbox 101 2972 264 3020; x_wconf 86' lang='lat' dir='ltr'>Sinicus</span> <span class='ocrx_word' id='word_1_375' title='bbox 275 2992 329 3021; x_wconf 81' lang='lat' dir='ltr'>ex</span> <span class='ocrx_word' id='word_1_376' title='bbox 339 2978 452 3024; x_wconf 88' lang='lat' dir='ltr'>oriza</span> <span class='ocrx_word' id='word_1_377' title='bbox 461 2977 607 3043; x_wconf 90' lang='lat' dir='ltr'>sapore</span> <span class='ocrx_word' id='word_1_378' title='bbox 618 2976 872 3025; x_wconf 87' lang='lat' dir='ltr'>acidiusculo</span> <span class='ocrx_word' id='word_1_379' title='bbox 894 2979 937 3023; x_wconf 89' lang='lat' dir='ltr'>in</span> <span class='ocrx_word' id='word_1_380' title='bbox 949 2979 1036 3024; x_wconf 91' lang='lat' dir='ltr'>vini</span> <span class='ocrx_word' id='word_1_381' title='bbox 1047 2977 1231 3043; x_wconf 87' lang='lat' dir='ltr'>speciem</span> <span class='ocrx_word' id='word_1_382' title='bbox 1240 2990 1461 3042; x_wconf 88' lang='lat' dir='ltr'>corruptus</span> <span class='ocrx_word' id='word_1_383' title='bbox 1472 3015 1484 3037; x_wconf 81' lang='lat'>‚</span> <span class='ocrx_word' id='word_1_384' title='bbox 1501 2997 1590 3043; x_wconf 91' lang='lat' dir='ltr'>quo</span> <span class='ocrx_word' id='word_1_385' title='bbox 1602 2998 1691 3027; x_wconf 89' lang='lat' dir='ltr'>non</span> <span class='ocrx_word' id='word_1_386' title='bbox 1704 2981 1757 3028; x_wconf 84' lang='lat' dir='ltr'>ad</span> <span class='ocrx_word' id='word_1_387' title='bbox 1772 2968 1905 3003; x_wconf 39' lang='lat' dir='ltr'>3³⁷⁸*OE</span> 
     </span>
     <span class='ocr_line' id='line_1_42' title="bbox 97 3040 1758 3114; baseline 0.004 -25"><span class='ocrx_word' id='word_1_388' title='bbox 97 3040 316 3090; x_wconf 72' lang='lat' dir='ltr'>sanitatem</span> <span class='ocrx_word' id='word_1_389' title='bbox 327 3045 475 3100; x_wconf 88' lang='lat' dir='ltr'>modo,</span> <span class='ocrx_word' id='word_1_390' title='bbox 484 3045 605 3093; x_wconf 88' lang='lat' dir='ltr'>instar</span> <span class='ocrx_word' id='word_1_391' title='bbox 616 3047 703 3094; x_wconf 79' lang='lat' dir='ltr'>The</span> <span class='ocrx_word' id='word_1_392' title='bbox 714 3082 727 3105; x_wconf 80' lang='lat'>,</span> <span class='ocrx_word' id='word_1_393' title='bbox 744 3065 892 3095; x_wconf 88' lang='lat' dir='ltr'>vetum</span> <span class='ocrx_word' id='word_1_394' title='bbox 907 3045 1172 3113; x_wconf 88' lang='lat' dir='ltr'>voluptatem</span> <span class='ocrx_word' id='word_1_395' title='bbox 1181 3064 1357 3113; x_wconf 86' lang='lat' dir='ltr'>quoque</span> <span class='ocrx_word' id='word_1_396' title='bbox 1366 3060 1455 3095; x_wconf 85' lang='lat' dir='ltr'>tota</span> <span class='ocrx_word' id='word_1_397' title='bbox 1473 3050 1573 3096; x_wconf 81' lang='lat' dir='ltr'>Sina</span> <span class='ocrx_word' id='word_1_398' title='bbox 1586 3049 1758 3114; x_wconf 86' lang='lat' dir='ltr'>copiose</span> 
     </span>
     <span class='ocr_line' id='line_1_43' title="bbox 97 3113 1761 3184; baseline 0.002 -24"><span class='ocrx_word' id='word_1_399' title='bbox 97 3126 276 3162; x_wconf 86' lang='lat' dir='ltr'>utuntur</span> <span class='ocrx_word' id='word_1_400' title='bbox 286 3151 299 3174; x_wconf 80' lang='grc'>,</span> <span class='ocrx_word' id='word_1_401' title='bbox 322 3116 368 3162; x_wconf 91' lang='lat'>&amp;</span> <span class='ocrx_word' id='word_1_402' title='bbox 383 3113 588 3164; x_wconf 86' lang='lat' dir='ltr'>salubrem</span> <span class='ocrx_word' id='word_1_403' title='bbox 599 3115 678 3165; x_wconf 84' lang='lat' dir='ltr'>effe</span> <span class='ocrx_word' id='word_1_404' title='bbox 689 3117 856 3166; x_wconf 84' lang='lat' dir='ltr'>testatur</span> <span class='ocrx_word' id='word_1_405' title='bbox 864 3135 953 3166; x_wconf 91' lang='lat' dir='ltr'>non</span> <span class='ocrx_word' id='word_1_406' title='bbox 961 3116 1136 3164; x_wconf 90' lang='lat' dir='ltr'>floridus</span> <span class='ocrx_word' id='word_1_407' title='bbox 1148 3116 1282 3165; x_wconf 90' lang='lat' dir='ltr'>modo</span> <span class='ocrx_word' id='word_1_408' title='bbox 1292 3130 1537 3184; x_wconf 85' lang='lat' dir='ltr'>potatorum</span> <span class='ocrx_word' id='word_1_409' title='bbox 1548 3117 1681 3176; x_wconf 78' lang='lat' dir='ltr'>color,</span> <span class='ocrx_word' id='word_1_410' title='bbox 1691 3136 1761 3165; x_wconf 84' lang='lat' dir='ltr'>ve-</span> 
     </span>
     <span class='ocr_line' id='line_1_44' title="bbox 1056 3186 1759 3251; baseline 0 -19"><span class='ocrx_word' id='word_1_411' title='bbox 1056 3186 1090 3232; x_wconf 86' lang='lat' dir='ltr'>F</span> <span class='ocrx_word' id='word_1_412' title='bbox 1129 3205 1154 3251; x_wconf 79' lang='lat'><em>3</em></span> <span class='ocrx_word' id='word_1_413' title='bbox 1667 3204 1759 3233; x_wconf 87' lang='lat' dir='ltr'>rum</span> 
     </span>
    </p>
   </div>
  </div>
 </body>
</html>
