2050 3412
124 384 235 414 Maove-

124 424 215 464 Iungus
227 433 276 454 ve·

126 475 171 494 net
179 475 206 494 :0

126 507 213 544 perit.

126 1017 241 1055 Pekinga

126 1057 165 1086 ob
170 1057 188 1086 s1
193 1058 209 1088 r}
214 1072 245 1089 e-

129 1107 139 1126 t
144 1109 183 1129 ur.

124 2389 234 2419 Yvenus

124 2429 236 2460 insidiis

124 2480 228 2511 captus

123 2511 248 2543 trucida-

124 2562 181 2583 tur.

288 154 390 205 152
635 132 776 190 Pars
794 125 961 187 ultima
983 127 1267 211 Legationis
1288 129 1549 186 Batavicae

285 229 509 280 videbatur
529 246 539 273 t
563 226 632 276 sed
653 229 822 275 avaritia
839 227 950 274 adeo
969 228 1106 291 turpi,
1137 225 1364 274 utfacilem
1377 225 1415 273 se
1424 224 1610 272 Tartaris
1621 223 1675 271 ad
1685 228 1939 277 omnenefas·

289 298 559 365 praebtierit7a
576 296 987 363 quibusingentibus
997 296 1204 360 promiflis
1220 296 1265 341 8(
1278 295 1401 341 donis
1418 294 1470 340 ad
1481 293 1746 360 prodendam
1762 298 1940 360 patriam

291 368 492 433 impulsus
513 367 608 414 suit.
645 369 834 414 Primum
857 365 1048 431 perfidia:
1065 365 1225 413 facinus
1248 382 1359 411 mors
1384 365 1661 430 Maovenlngi
1677 363 1777 424 fuit,
1807 382 1941 430 quem

292 439 495 484 convivio
512 453 742 502 exceptum
761 439 806 484 ὃς
828 450 1032 482 venenata
1041 436 1232 499 potione
1247 435 1289 480 in
1301 434 1600 492 Tartarorum,
1628 433 1784 499 quibus
1793 436 1942 483 terrori

293 521 393 563 erat,
412 508 588 572 gratiam
603 505 776 554 sustulit.

356 576 462 623 lnde
471 576 767 623 cumTartaris
785 573 1111 639 ignominiosam
1132 575 1275 619 Sinico
1295 573 1482 636 Imperio
1493 586 1641 636 pacem
1652 572 1795 634 inivit,
1810 591 1941 639 quam
2011 598 2013 601 ·

292 651 344 692 Z
346 647 558 711 ungchinitu
574 647 730 692 irritam
742 643 878 690 statim
888 644 1200 708 pronunciavit.
1221 646 1385 699 Yvenm,
1400 653 1448 687 ut
1462 643 1765 704 Imperatorem
1773 642 1825 691 ad
1835 661 1940 691 con-

293 714 549 762 firmandum
559 715 666 761 lianc
688 730 835 779 pacem
853 714 1044 778 adigeret
1056 751 1069 771 ,
1087 713 1287 759 Tartaros
1307 716 1437 757 Anno
1457 707 1680 757 millesimo
1695 710 1943 760 sexcentesi-

292 801 366 830 mo
377 782 592 848 trigesimo
611 784 664 830 ad
680 782 842 830 bellum
858 781 1172 829 instaurandum
1185 779 1357 845 impulit
1368 819 1380 839 ,
1395 779 1558 827 nullum
1569 779 1589 823 a
1601 778 1639 825 se
1659 779 1941 845 impedimen-

293 869 384 902 tum
397 853 449 913 ,si
459 853 536 900 alia
547 890 559 912 ,
577 870 707 918 quam
718 850 1091 916 ubipraefe6³fflram
1107 849 1280 897 haberet
1293 886 1304 907 ‚
1322 851 1389 896 via
1402 849 1942 914 irrumperent,pollicitus.

293 927 453 987 Neque
469 923 723 970 dubitabant
735 922 923 980 Tartari,
939 918 1094 982 quibus
1105 921 1274 966 avaritia
1286 919 1467 965 hominis
1479 933 1579 966 nota
1591 933 1679 966 erat
1688 955 1701 977 ,
1724 921 1830 984 quin
1840 938 1943 986 pro..

293 993 418 1040 miffis
434 991 608 1040 staturus
619 991 718 1039 effer
732 1010 739 1036 :
757 990 870 1037 unde
882 993 925 1037 in
938 990 1143 1055 Pekingam
1155 990 1318 1054 impetu
1335 988 1541 1035 converso
1552 1025 1564 1046 ,
1579 1004 1678 1036 cum
1689 986 1815 1037 obvia
1827 1008 1941 1056 quae-

294 1080 380 1127 que
394 1061 831 1126 inceiidiis‚rapinis,ac
845 1058 1028 1109 caedibus
1041 1057 1405 1123 vastaffentjiplam
1416 1058 1596 1124 Regiam
1607 1057 1757 1104 urbem
1768 1076 1823 1106 ex
1838 1078 1942 1126 pro·

292 1133 460 1197 pinquo
475 1130 744 1179 obsederunt.

361 1203 475 1247 Hinc
486 1201 632 1264 ingens
645 1200 687 1246 in
700 1200 869 1245 civitate
880 1213 1014 1245 terror
1025 1238 1039 1258 ,
1064 1211 1243 1244 acautor
1253 1212 1339 1244 erat
1354 1197 1603 1261 Imperatori
1625 1197 1800 1244 Senatus
1810 1235 1822 1255 ‚
1839 1198 1941 1245 utin

293 1268 504 1318 Australes
523 1269 762 1315 Provincias
772 1283 934 1314 matura
944 1267 1046 1332 fuga
1057 1267 1094 1313 se
1106 1270 1323 1329 reciperet.
1347 1268 1425 1313 Sed
1440 1268 1448 1309 i
1454 1271 1496 1330 pl
1503 1284 1531 1310 o
1544 1270 1747 1328 periturum
1752 1269 1796 1330 se
1801 1270 1942 1329 potius,

293 1353 450 1406 quamut
464 1353 564 1384 metu
578 1338 777 1385 Tartarico
794 1342 933 1401 regiam
941 1334 1361 1400 desereret‚profellils
1379 1374 1392 1396 ‚
1417 1336 1564 1399 capitis
1580 1351 1710 1400 poena
1722 1372 1735 1395 ‚
1757 1353 1811 1383 ne
1829 1336 1942 1402 quis-

293 1425 421 1473 quam
439 1405 543 1454 urbe
558 1406 804 1464 excederet,
819 1405 1054 1470 prohibuit.

356 1477 523 1523 Tartari
534 1475 752 1523 multoties
775 1477 986 1540 impetum
1005 1476 1048 1521 in
1064 1477 1225 1522 moenia
1240 1473 1436 1521 facientes
1449 1513 1462 1534 ,
1497 1491 1595 1521 cum
1606 1471 1767 1521 damno
1778 1473 1942 1540 semper

289 1545 435 1606 rejeffi
451 1584 463 1606 ‚
483 1545 654 1592 tandem
669 1544 840 1592 affidere
856 1546 902 1592 8<
921 1561 1042 1591 mora
1055 1541 1238 1591 obseffos
1255 1542 1446 1610 frangere
1462 1543 1752 1591 decreverunt.
1788 1547 1823 1592 Y
1820 1557 1942 1593 venus

290 1613 595 1662 diffimulandae
608 1613 799 1680 perfidiae
815 1652 830 1673 ‚
850 1626 899 1660 ut
909 1631 1084 1661 omnem
1093 1612 1374 1680 suspicionem
1395 1612 1652 1678 proditionis
1668 1612 1916 1662 amoliretur
1927 1652 1942 1676 ‚

289 1684 340 1731 ad
358 1686 517 1732 moenia
531 1684 644 1731 urbis
655 1701 753 1731 cum
772 1686 966 1731 exercitu
983 1682 1058 1731 suo
1068 1682 1218 1748 procul
1230 1684 1252 1731 a
1263 1682 1542 1731 Tartarorum
1552 1681 1692 1730 castris
1703 1718 1716 1742 ,
1735 1681 1942 1746 consedit,

290 1772 338 1801 ac
349 1754 455 1802 nihil
471 1752 622 1801 hostile
633 1755 676 1801 in
687 1771 760 1800 eos
775 1752 971 1813 moliens,
983 1770 1133 1818 pacem
1147 1766 1312 1801 tantum
1325 1752 1440 1818 apud
1450 1759 1502 1800 Z
1504 1753 1734 1820 ungchinium
1744 1752 1943 1820 urgebat,

289 1837 337 1871 ut
362 1824 433 1871 illa
456 1824 678 1888 impetrata
690 1859 701 1881 ‚
734 1825 930 1870 maximis
940 1859 953 1882 ,
963 1840 1057 1887 quae
1067 1823 1233 1871 Tartari
1244 1822 1522 1888 promiserant
1533 1858 1545 1882 ,
1557 1820 1714 1887 opibus
1724 1821 1942 1873 ditaretur.

291 1895 385 1940 Nec
401 1893 558 1939 diutius
578 1892 631 1939 de
652 1894 729 1940 viri
745 1892 913 1940 occulta
928 1891 1107 1958 perfidia
1122 1894 1385 1960 Zungchinius
1405 1890 1642 1949 dubitabat,
1652 1893 1725 1956 qui
1736 1894 1942 1957 percubi-

288 1963 493 2008 cularium
514 1961 760 2008 fidiffimum
770 1964 812 2008 in
823 1964 1006 2027 Regiam
1024 1965 1058 2009 Υ
1057 1975 1192 2009 venum
1203 1999 1215 2021 ‚
1245 1960 1360 2026 quasi
1375 1959 1552 2007 consilio
1563 1958 1652 2019 ejus
1663 1960 1807 2007 usurus
1817 1978 1942 2019 ‚evo-

290 2031 418 2090 cavit,
435 2047 481 2076 ac
493 2029 634 2076 clausis
645 2029 763 2091 quasi
781 2044 895 2077 metu
908 2031 1183 2077 Tartarorum
1202 2031 1333 2095 portis
1344 2066 1356 2087 ,
1377 2047 1519 2076 revera
1533 2041 1673 2075 autem
1685 2027 1762 2076 illo
1777 2029 1877 2089 fine,
1886 2048 1942 2078 ne

2040 1687 2050 1738 (ΛΑ.
2036 1552 2050 1669 ‚Lali-...-
2043 1454 2050 1511 *-

290 2116 387 2145 cum
405 2113 502 2146 toto
524 2100 714 2145 exercitu
735 2099 931 2163 proditor
950 2099 1224 2163 irrumperet,
1255 2098 1356 2146 sune
1374 2117 1451 2163 per
1469 2098 1627 2145 moenia
1646 2098 1795 2145 attrahi
1813 2098 1939 2160 jussit.
1981 2106 1984 2108 ’
2042 2100 2047 2108 ’

290 2170 429 2233 Ignari
448 2185 595 2215 omnes
607 2204 617 2223 ,
641 2169 746 2232 quid
759 2167 1219 2233 imperatorinolirc‘tur
1232 2207 1244 2227 ,
1265 2170 1486 2233 Magnates
1497 2181 1614 2214 erant
1633 2184 1642 2211 ε
1676 2166 1792 2214 unde
1807 2185 1939 2217 nemo

289 2252 440 2284 eorum
456 2236 667 2302 (habebat
681 2238 795 2284 enim
822 2237 979 2283 multos
1002 2236 1079 2283 sibi
1096 2236 1283 2284 addietos
1300 2238 1344 2283 8<
1367 2254 1443 2301 per
1461 2255 1568 2302 quos
1591 2236 1740 2284 ςιιηᾶει
1759 2236 1864 2284 aulae
1878 2255 1940 2285 ar-

289 2323 393 2352 cana
409 2305 689 2371 explorabat)
702 2309 878 2354 Yvemcm
890 2307 1077 2354 instantis
1088 2306 1266 2371 periculi
1287 2323 1547 2371 praernonere
1558 2317 1736 2371 poterat.

358 2378 471 2423 Mox
484 2389 531 2421 ut
547 2375 599 2422 ad
616 2377 920 2439 Imperatorem
931 2377 1062 2435 venit,
1072 2389 1218 2440 captus
1234 2375 1549 2439 trucidatusque
1562 2377 1748 2422 animum
1762 2374 1939 2424 tradito-

291 2461 382 2491 rem
397 2442 575 2502 efflavit,
607 2462 654 2490 ac
665 2446 831 2492 Tartari
847 2444 1058 2492 intellcfia
1067 2444 1157 2504 ejus
1176 2460 1338 2504 morte,
1360 2444 1628 2492 obsidionem
1650 2444 1787 2491 statim
1803 2444 1940 2493 solve-

292 2528 412 2572 runt,
441 2528 676 2561 metuentes
694 2551 706 2571 ,
739 2532 792 2561 ne
806 2515 892 2562 alio
908 2516 953 2561 in
970 2513 1095 2574 hujus
1111 2514 1343 2578 proditoris
1364 2512 1527 2577 fibique
1547 2512 1623 2560 fidi
1647 2512 1793 2561 locum
1810 2513 1940 2561 Duce

290 2583 542 2642 constituto,
553 2584 910 2647 opprimerentur.
950 2585 1169 2631 Atrociter
1184 2585 1330 2648 passim
1339 2600 1418 2648 per
1428 2583 1664 2629 Provincias
1679 2581 1723 2628 in
1735 2591 1939 2634 Xantun-

280 2672 375 2718 gam
390 2652 521 2718 usque
537 2651 698 2718 grassati
710 2691 724 2710 ,
744 2652 884 2716 praeda
895 2670 1038 2718 graves
1052 2658 1251 2719 Leaotung
1261 2654 1532 2718 repetierunt.
1567 2651 1860 2700 Duravitinde
1869 2671 1938 2700 us-

289 2739 376 2786 que
392 2722 443 2769 ad
464 2727 642 2768 Annum
663 2722 933 2770 millesimum
957 2721 1305 2769 sexcentesimum
1317 2719 1574 2787 trigesimum
1593 2718 1759 2768 sextum
1781 2723 1938 2769 mutuis

289 2790 480 2838 cladibus
491 2790 667 2848 bellum,
681 2790 750 2839 sed
765 2793 869 2838 Sinis
881 2790 1135 2856 plerumque
1151 2789 1379 2838 victoribus
1390 2827 1402 2849 ,
1424 2791 1496 2852 qui
1510 2787 1654 2836 crebra
1668 2788 1820 2836 damna
1829 2791 1936 2837 Tat-

293 2861 387 2906 taris
399 2860 623 2906 inferentes
639 2863 713 2906 vix
726 2861 881 2926 pedem
897 2861 944 2906 iis
955 2859 1146 2909 securum
1164 2877 1325 2924 ponere
1342 2860 1385 2905 in
1405 2859 1498 2904 Sina
1510 2857 1828 2922 permittebant,
1867 2861 1937 2907 Eo

289 2944 403 2975 anno
421 2929 692 2994 Thienzmrgrus
703 2932 798 2976 Rex
820 2931 977 2978 Niuche
989 2968 1001 2989 ,
1022 2928 1116 2975 filio
1130 2936 1315 2992 Zunfgteo
1327 2942 1443 2993 patre
1458 2926 1580 2985 illius,
1591 2928 1665 2991 qui
1676 2944 1789 2974 nunc
1799 2929 1937 2993 impe-

289 3008 373 3054 rat,
396 2995 619 3044 succeffore
632 3033 643 3054 ,
668 2998 782 3045 diem
798 2997 930 3045 obiit:
968 3001 1190 3063 Zungteius
1205 2998 1275 3045 hic
1290 2994 1524 3043 admodum
1545 3014 1651 3063 puer
1665 2994 1772 3043 clam
1787 2995 1937 3047 habitu

291 3065 431 3113 Sinico
447 3064 521 3112 sub
532 3067 663 3114 tutela
672 3066 891 3129 cujusdam
903 3068 1112 3115 Senatoris
1124 3067 1168 3114 in
1179 3068 1274 3114 Sina
1288 3065 1505 3125 educatuS,
1517 3065 1704 3133 linguam
1714 3064 1936 3129 moresque

1797 3147 1934 3198 gentis
