2114 3412
326 152 353 196 8
363 155 400 203 4
692 135 834 191 Pars
848 126 1015 188 ultima
1037 129 1321 213 Legationis
1339 131 1603 190 Patavicae

326 235 507 285 Radices
532 230 696 279 deloco
713 234 758 280 in
772 231 919 279 locum
929 231 1165 280 transsaturi
1175 231 1305 298 capsis
1319 231 1473 280 indunt
1484 270 1496 293 ‚
1515 248 1652 298 pauca
1667 248 1778 298 aqua
1795 232 1988 299 aspersas,

331 304 465 354 noc‘lu
478 317 587 349 terra
596 316 748 368 tegunt
759 302 968 362 ,interdiu
983 303 1066 349 aeri
1087 317 1330 367 exponunt,

397 372 572 421 Deinde
587 371 889 432 saccaro,aceto
899 374 945 420 &
959 374 1095 421 muria
1109 371 1385 421 condiuntur.
1412 372 1544 420 Unde
1554 371 1678 437 sapor
1685 371 1869 420 mordax
1878 371 1989 423 temss

330 457 499 510 petatur
533 458 580 488 ac
604 443 873 508 extinguitur
909 462 919 488 :
956 441 1026 490 sed
1046 442 1228 490 nimium
1245 441 1343 489 lotae
1376 441 1560 489 multum
1594 442 1748 489 virium
1771 444 1988 491 amittunt.

331 515 525 561 Utuntur
538 511 679 560 radice
693 512 840 571 viridi,
853 511 991 560 utalia
1010 511 1124 559 olera
1138 532 1150 569 3
1174 513 1219 559 &
1238 524 1387 558 contra
1396 513 1571 558 morbos
1581 514 1738 559 ventris
1751 550 1763 573 ,
1783 512 1988 574 colicam,

328 582 584 643 diarrhoeam
600 584 646 630 &
662 582 766 629 alios
780 581 961 649 frigidos
980 599 1027 628 ac
1044 579 1291 628 flatulentos
1303 580 1473 629 affe&us
1489 601 1499 627 :
1523 579 1593 627 sed
1612 580 1737 628 calidi
1752 596 1897 631 natura
1911 584 1988 631 ab·

328 651 480 700 stinere
489 651 664 710 debent,
679 652 747 700 vel
762 651 1089 717 moderatissime
1105 651 1166 699 uti
1177 686 1190 709 ‚
1213 651 1313 716 quia
1329 649 1822 718 sanguineminflammat
1837 653 1884 700 &
1900 653 1988 701 ori-

329 721 426 769 ficia
443 738 646 770 venarum
659 723 808 788 aperit.
1251 748 1253 751 ·

1034 871 1252 935 Plantae.

393 1004 436 1050 N
470 1010 534 1054 X
535 1004 617 1067 enfi
638 1001 753 1067 apud
774 1002 983 1070 Kingyaszg
997 1037 1010 1059 ,
1042 1000 1172 1048 herba
1187 999 1322 1063 Kinsu
1344 1000 1483 1066 specie
1502 1001 1602 1048 flavi
1622 1000 1838 1067 capillitii,
1871 1004 1989 1053 unde

390 1072 412 1117 a
439 1071 544 1119 Sinis
571 1075 740 1120 Sericum
769 1091 922 1120 aureum
955 1069 1023 1117 vel
1045 1073 1117 1128 filii
1147 1088 1259 1118 aurea
1285 1071 1494 1132 bombycum
1527 1074 1773 1118 nominatnr
1791 1110 1806 1134 ‚
1836 1072 1990 1139 sapore

331 1158 475 1188 amaro
490 1177 503 1200 ,
527 1143 661 1208 magis
677 1141 925 1207 refrigerans
941 1151 1081 1187 tamen
1096 1177 1108 1201 ‚
1129 1156 1259 1205 quam
1272 1139 1531 1190 calefaciens,
1573 1146 1701 1189 Sanat
1714 1143 1988 1209 impetigines

330 1213 449 1258 cutis.

399 1283 447 1326 In
467 1287 531 1330 X
533 1280 615 1346 ³⁷².st
631 1293 780 1326 monte
800 1282 996 1329 Nieuxeu
1012 1278 1158 1344 planta
1170 1282 1284 1345 Qi,
1297 1278 1507 1327 tristitiam
1517 1277 1678 1344 pellens
1689 1317 1702 1340 ,
1713 1280 1842 1328 risum
1857 1282 1903 1329 &
1914 1280 1985 1329 lae-

329 1349 468 1396 titiam
482 1347 718 1396 concilians
738 1348 923 1396 comesta
940 1349 1161 1413 reperitur.
1978 1367 1982 1371 ’

394 1416 532 1484 Apud
557 1414 598 1479 C
594 1420 632 1464 in
643 1419 687 1464 in
708 1431 858 1465 monte
869 1420 1060 1484 Pechung,
1073 1417 1221 1482 planta
1236 1421 1300 1466 H
1298 1418 1402 1478 oako,
1410 1415 1596 1465 comesta
1610 1413 1766 1465 steriles
1784 1417 1902 1468 facit.

397 1486 535 1552 Apud
569 1488 749 1551 Cirr-(cheu
767 1489 812 1534 in
839 1491 1069 1559 Qngtung
1088 1485 1230 1535 insulae
1251 1485 1347 1534 sunt
1369 1523 1383 1547 ,
1414 1487 1459 1535 in
1476 1487 1634 1554 quibus
1658 1486 1790 1536 herba
1810 1491 1991 1559 Lungfin'

329 1558 449 1624 equis
469 1554 603 1603 robur
618 1551 664 1604 8<
681 1557 940 1606 celeritatem
951 1556 1138 1605 comesta
1154 1555 1402 1605 concilians,
1626 1557 1627 1561 ’

395 1625 533 1693 Apud
548 1622 757 1693 Ki7gcheu
771 1625 900 1675 herba
911 1665 925 1689 ‚
947 1645 1078 1694 quam
1104 1628 1215 1675 Sinae
1229 1631 1324 1675 mide
1339 1646 1517 1676 annorum
1532 1639 1718 1687 vocant,
1738 1629 1831 1677 imo
1851 1629 1892 1678 ei
1907 1632 1992 1680 im·

327 1696 632 1747 mortalitatem
646 1697 904 1746 adscribunt.
939 1702 1081 1764 Aquae
1096 1733 1110 1758 ,
1122 1697 1168 1747 in
1182 1697 1342 1764 quibus
1356 1709 1564 1748 macerata
1575 1711 1711 1764 ‚potae
1723 1715 1852 1748 canos
1865 1698 1994 1752 deni·

327 1780 450 1834 grant
465 1767 511 1814 &
528 1767 658 1814 vitam
678 1769 955 1834 prolongant.

396 1839 446 1884 ln
470 1841 608 1903 Qanrr
626 1858 639 1885 1
658 1839 773 1904 apud
791 1840 986 1887 Liencbeu
997 1877 1010 1899 ‚
1036 1835 1168 1886 herba
1180 1838 1286 1903 Pusu
1298 1877 1312 1898 ‚
1328 1836 1373 1885 id
1392 1834 1452 1884 est
1467 1837 1740 1900 immortalis,
1771 1838 1874 1905 quia
1888 1849 1992 1888 toto

331 1923 469 1964 anno,
485 1920 532 1953 ut
542 1905 660 1964 aloe,
682 1909 791 1955 intra
805 1908 915 1955 aedes
935 1906 1078 1955 viridis
1093 1908 1243 1955 servari
1258 1905 1413 1973 potest.

395 1975 443 2020 In
457 1979 519 2023 H
518 1993 665 2041 uquang
676 1975 799 2042 super
812 1989 961 2025 monte
982 1982 1139 2043 Untang
1149 2013 1162 2036 ,
1172 1976 1303 2024 herba
1318 1975 1456 2022 aestate
1473 1976 1630 2040 pariter
1640 1992 1687 2022 ac
1707 1975 1864 2042 hyeme
1878 1975 1985 2025 sem-

330 2059 409 2110 per
424 2043 560 2090 virens
585 2047 806 2109 reperitur.

397 2111 535 2177 Apud
557 2117 711 2180 Hoang
726 2113 984 2162 absinthium
1004 2112 1149 2171 album
1169 2113 1191 2159 a
1208 2111 1449 2160 Sinensibus
1461 2117 1590 2173 Heu,
1613 2105 1778 2163 dieluni
1793 2116 1837 2162 in
1854 2117 1942 2165 Fun
1969 2142 1991 2159 α
2057 2148 2059 2150 -

322 2201 423 2248 yang
439 2180 618 2228 rubrum
632 2181 890 2233 absinthium
913 2203 922 2229 ε
956 2195 1143 2248 utroque
1154 2181 1206 2228 ad
1224 2183 1360 2230 varios
1373 2181 1543 2232 affestus
1554 2219 1568 2242 ‚
1586 2185 1802 2251 praecipue
1827 2197 1979 2233 contra

329 2249 610 2309 adustionem,
627 2265 818 2300 utuntur.
1136 2274 1139 2275 ⁷
1721 2261 1723 2263 ’

397 2322 447 2367 In
464 2337 599 2386 regno
618 2321 755 2382 Tanyn
776 2320 905 2370 herba
928 2321 971 2367 in
996 2319 1101 2368 saxis
1119 2321 1264 2369 crescit
1289 2319 1658 2388 incombustibilis.
1701 2322 1873 2371 Candet
1887 2324 1990 2389 qui-

331 2388 431 2435 dem
446 2389 488 2434 in
504 2391 617 2454 igne,
628 2389 696 2437 sed
711 2405 965 2456 exemptum
979 2408 1085 2438 mox
1100 2390 1292 2439 colorem
1307 2392 1488 2458 griseum
1498 2393 1661 2459 recipit.
1697 2394 1743 2440 In
1759 2391 1893 2443 altum
1907 2409 1988 2440 ex<

330 2456 491 2517 crescit,
504 2457 574 2504 sed
594 2459 925 2523 aquisinje5³mm
942 2477 1048 2507 mox
1066 2460 1279 2526 putrescit.

394 2528 442 2574 In
459 2531 663 2599 Qantung
679 2529 794 2593 apud
811 2527 1177 2589 Kiuncheu,herba
1190 2526 1437 2595 Chffu7gg‚ita
1455 2529 1632 2591 didium,
1644 2529 1765 2596 quod
1781 2543 1984 2594 ventum,

331 2596 407 2661 qui
421 2595 512 2656 flat,
523 2594 722 2646 ostendit.
758 2601 912 2647 Nautae
921 2615 978 2645 ex
989 2599 1248 2647 intermediis
1259 2597 1349 2659 ejus
1365 2599 1504 2647 herbae
1515 2598 1658 2647 videre
1671 2598 1859 2664 possunt,
1868 2615 1989 2668 quot

331 2664 599 2730 tempestates
614 2683 704 2714 uno
719 2667 874 2726 mense,
882 2680 954 2714 aut
964 2680 1063 2716 toto
1077 2685 1191 2715 anno
1209 2669 1360 2716 futurae
1372 2667 1451 2716 sint
1462 2696 1476 2726 3
1499 2685 1597 2716 nam
1606 2684 1688 2733 pro
1702 2685 1885 2719 numero
1902 2689 1984 2719 no-

333 2733 492 2781 dorum
508 2734 775 2800 tempestates
784 2735 1000 2796 aestimant,
1016 2736 1084 2784 sed
1096 2754 1150 2783 ex
1163 2736 1360 2785 albedine
1369 2737 1528 2785 menses
1537 2735 1789 2797 conjiciunt.

399 2804 449 2850 In
462 2807 638 2872 Qangfi
646 2807 763 2871 apud
783 2807 938 2855 Cincheu
949 2845 964 2865 ,
982 2824 1039 2853 ex
1051 2805 1181 2853 herba
1197 2810 1249 2855 Yu
1260 2843 1272 2865 ,
1283 2808 1411 2870 panni
1425 2804 1713 2854 conficiuntur
1726 2806 1905 2856 sericum
1916 2809 1983 2872 su-

335 2888 482 2935 perans
498 2874 706 2939 dignitate
720 2877 766 2923 &
784 2877 941 2940 pretio.

401 2942 447 2986 In
470 2944 784 3010 Qicheuapud
797 2948 939 3010 Liping
951 2982 965 3004 ‚
980 2944 1110 2992 lintea
1129 2961 1185 2990 ex
1205 2943 1392 2992 cannabe
1405 2943 1470 2991 vel
1490 2943 1620 2992 herba
1638 2946 1822 2994 cannabi·
1833 2945 1953 2995 simili
1967 2984 1983 3008 ,

348 3009 396 3055 Co
414 3013 589 3057 nomine
598 3012 773 3060 faciunt.
808 3016 855 3060 In
865 3013 1003 3061 aestate
1018 3014 1072 3060 ad
1083 3012 1214 3060 vestes
1229 3013 1462 3061 admodum
1472 3015 1736 3062 conveniens
1745 3015 1818 3062 est.

404 3077 616 3127 Peculiare
635 3083 742 3130 Sinis
761 3081 905 3131 frutex
928 3083 1014 3132 The
1035 3081 1118 3130 five
1130 3078 1215 3144 [ha
1225 3081 1286 3128 est
1294 3121 1311 3143 ,
1342 3081 1458 3129 unde
1478 3081 1750 3131 famoffis'ille
1765 3095 1897 3153 potus
1915 3083 1983 3136 fit.

1869 3154 1981 3201 Nus-

2100 2910 2114 2935 l!

2099 2941 2114 2998 ³¹:

2099 3006 2114 3043 ,ζ

2096 3045 2114 3155 f.

2089 3101 2114 3182 ql

2107 3183 2114 3198 μ

2096 3202 2114 3247 'i

2096 3232 2114 3257 ,Ι

2096 3283 2100 3296 ι

2077 3267 2080 3275 i
2094 3256 2114 3412 d
