2114 3412
144 1497 299 1546 A‘Xwa‘
397 1497 492 1543 Arx
504 1495 716 1560 triquetrae
730 1493 1004 1562 superstructa
1023 1492 1162 1543 insulae
1182 1532 1196 1555 ‚
1216 1511 1344 1561 quam
1362 1508 1443 1542 tres
1462 1504 1756 1542 concurrentes
1773 1489 1894 1541 fluvii
1910 1494 1996 1543 cin-

144 1550 211 1573 men.
328 1578 438 1631 gunt
447 1564 651 1630 quadrata
670 1563 807 1613 forma
828 1563 918 1613 altis
937 1563 1155 1630 craffisque
1166 1567 1209 1612 in
1222 1563 1400 1612 sublime
1414 1562 1773 1630 Pyramidisinstar
1785 1564 1910 1611 muris
1920 1564 1997 1612 ad-

328 1635 511 1693 scendit,
521 1631 756 1699 praesidium
768 1633 861 1682 urbi
875 1636 919 1682 8<
929 1634 1128 1681 universae
1141 1636 1330 1700 Regioni
1341 1632 1594 1681 circumfitae.
1627 1635 1677 1680 In
1687 1633 1771 1680 hoc
1781 1633 1996 1681 munitiffi-

328 1720 449 1752 mum
459 1721 507 1752 ac
517 1701 840 1752 celeberrimum
857 1705 988 1752 totius
1000 1705 1107 1751 Sinae
1116 1702 1351 1751 Castellum
1361 1702 1536 1751 ludebat
1550 1701 1674 1751 Musa
1686 1720 1697 1747 ε

605 1808 668 1853 H
667 1824 734 1852 anc
747 1805 847 1852 Sinae
853 1804 1025 1872 struxere
1035 1803 1118 1868 suis
1137 1807 1173 1853 in
1184 1804 1319 1867 finibus
1337 1824 1481 1864 arcem3

671 1878 762 1940 Q
777 1875 905 1921 mediis
925 1874 1026 1922 undis
1042 1875 1164 1939 surgit
1186 1874 1240 1920 ad
1255 1876 1351 1940 astra
1367 1876 1455 1937 poli.

602 1941 820 1990 Tartaricas
836 1956 990 2006 experta
999 1943 1132 2007 flues,
1151 1942 1296 2008 bellique
1311 1944 1488 2005 furorem,

668 2012 811 2074 Saepius
831 2011 968 2075 hostiles
987 2010 1064 2073 rtfit
1085 2011 1213 2057 acerba
1233 2017 1360 2058 minas.

607 2083 642 2126 O
660 2083 749 2127 Sina
766 2082 782 2125 J
803 2079 963 2126 humanis
982 2093 1187 2142 peccantem
1205 2079 1337 2145 legibus
1355 2094 1474 2125 arcem

676 2149 827 2212 Instruis
837 2182 852 2203 ‚
872 2161 981 2212 atque
993 2152 1118 2197 Deum
1137 2152 1196 2195 vis
1215 2163 1280 2195 tua
1291 2148 1391 2214 jussa
1401 2147 1519 2212 βῆμά.

606 2217 719 2266 Hinc
729 2219 941 2265 Tiencina
963 2217 1051 2263 dolis
1072 2219 1115 2263 ὅ
1132 2217 1416 2283 inexpugnabilis
1435 2219 1544 2263 armis

667 2281 843 2349 Corruit,
866 2289 909 2333 &5
931 2288 1048 2334 vibras
1066 2285 1135 2332 dat
1147 2286 1369 2352 gemebunda
1387 2304 1527 2332 manus.

401 2396 603 2442 Proxime
614 2394 779 2442 adveffi
789 2391 1016 2451 maenia,ibi
1025 2394 1385 2459 pernoctavimus,
1406 2406 1498 2440 orta
1512 2390 1605 2439 luce
1617 2409 1721 2439 mox
1732 2391 1885 2438 mutuis
1896 2408 1996 2438 con—

331 2461 425 2511 siliis
435 2466 654 2529 agitatum,
665 2481 748 2527 qua
760 2463 968 2511 methodo
977 2464 1239 2530 Legatorum
1249 2463 1366 2510 caula
1373 2461 1495 2524 juxta
1507 2460 1812 2508 Gubernatoris
1823 2459 1996 2507 manda-

330 2547 423 2581 tum
437 2532 635 2581 Caesareae
653 2530 866 2593 Majestati
878 2532 1160 2597 proponenda
1181 2533 1302 2581 foret.
1342 2531 1435 2578 Post
1447 2528 1735 2596 crepusculum
1751 2529 1837 2593 ipse
1850 2527 1996 2576 Praefe-

329 2602 418 2650 &us
429 2620 528 2650 cum
538 2600 808 2670 Magistratus
820 2599 992 2648 Praefide
1004 2603 1189 2667 Legatos
1210 2603 1253 2648 in
1264 2600 1440 2648 navibus
1450 2599 1668 2647 salutatum
1680 2600 1797 2645 venit
1806 2635 1818 2656 ,
1837 2596 1996 2662 eosque

330 2671 459 2720 salute
478 2674 626 2719 mutua
645 2670 813 2736 peracta
834 2669 1070 2717 honorifice
1087 2673 1268 2736 excepit.
1304 2675 1466 2719 Verum
1487 2668 1768 2716 Mandorinus
1790 2669 1996 2721 Pixentou,

331 2754 379 2787 ut
402 2740 461 2787 sui
481 2742 799 2789 venerationem
820 2740 946 2787 tacite
963 2740 1179 2794 innueret,
1200 2739 1286 2787 astu
1298 2739 1439 2787 effecit
1454 2775 1467 2796 ‚
1488 2751 1536 2784 ut
1547 2738 1757 2801 primusin
1772 2735 1994 2784 salutando

332 2807 469 2856 honos
491 2808 587 2874 ipfi,
610 2810 709 2857 dein
729 2810 901 2876 Legatis
919 2808 1162 2858 deferretur.
1199 2807 1273 2856 Ille
1290 2810 1411 2872 juxta
1423 2806 1638 2853 decretum
1652 2809 1914 2871 Legatorum
1926 2804 1997 2851 ad-

332 2892 508 2925 ventum
532 2882 682 2945 Magno
701 2879 835 2925 Chamo
857 2877 1113 2924 indicaturus
1132 2915 1145 2936 ‚
1165 2879 1188 2924 a
1209 2879 1372 2925 Seniori
1394 2878 1575 2942 Prorege
1586 2873 1998 2942 Kantoneifidelega-

332 2959 400 2991 tur
414 2984 428 3005 ,
451 2961 499 2992 ut
516 2947 691 2994 terrestri
703 2948 851 2995 itinere
861 2963 1009 2994 eorum
1022 2948 1253 2994 adventum
1266 2957 1559 2993 anteverteret.
1596 2949 1719 3000 ons
1731 2945 1881 3009 Legati
1892 2959 1992 2989 cum

332 3013 630 3062 Praefefiorum
652 3015 821 3081 reliquis
838 3017 881 3062 in
895 3013 1036 3062 illustri
1051 3014 1224 3082 Pagoda
1241 3014 1440 3061 convivio
1451 3013 1863 3080 magnificentiffimo
1872 3027 1994 3058 exce-

329 3096 510 3147 petunt,
531 3101 586 3130 eo
607 3084 694 3132 fine
706 3120 719 3144 ‚
736 3098 784 3133 ut
795 3085 950 3132 mutuis
962 3085 1071 3132 votis
1089 3083 1390 3132 deliberaretur
1402 3115 1416 3136 2
1436 3081 1489 3130 ad
1503 3100 1596 3148 quae
1606 3084 1790 3130 maxime
1805 3083 1849 3128 in
1860 3081 1994 3127 Curia

1848 3161 1983 3196 atten-
