2150 3370
370 121 438 181 ad
446 124 764 207 Magnum
780 121 920 184 Tart
922 129 1039 184 ariae
1059 130 1120 186 S
1103 150 1279 211 maeque
1287 128 1554 272 chamum.
1718 159 1740 204 3
1751 162 1772 204 3

825 301 996 335 PAULO
1026 303 1171 336 Tm

113 252 171 422 ,Γ

167 1486 288 1536 Ouo
307 1484 395 1548 jam
415 1486 666 1534 effluxerant
676 1487 776 1546 dies,
787 1504 843 1534 ex
852 1504 943 1551 quo
954 1488 1125 1536 Batavi&
1137 1485 1286 1536 Altum
1297 1488 1569 1552 petieramUS,
1586 1504 1685 1535 cum
1704 1490 1765 1536 in
1781 1525 1828 1549 22
1835 1518 1917 1566 J¹¹.¹²¹¹

96 1555 184 1605 sula
220 1560 250 1603 P
264 1561 303 1607 U
322 1558 417 1603 LO
459 1558 673 1604 TYMO
687 1558 755 1614 N,
776 1557 910 1603 viride
932 1555 1180 1620 &sylvestre
1192 1553 1312 1603 suum
1329 1570 1460 1622 caput
1478 1558 1685 1604 amoeniff
1676 1575 1761 1604 mo
1779 1560 1927 1631 conspsicli-

96 1623 327 1691 conspectu
349 1623 471 1672 nobis
492 1627 669 1690 aperuit.
704 1624 829 1672 Nihil
848 1623 917 1672 illa
932 1624 1010 1673 situ
1028 1624 1255 1686 jucundius
1267 1661 1279 1684 ,
1297 1624 1642 1685 hincmontibuS,
1659 1610 1928 1674 i11deii¹i1¹i¹ga

95 1693 357 1743 convallibus
377 1692 567 1742 distinsta
584 1707 675 1742 tota
684 1692 828 1741 fertilis
843 1694 996 1759 pariter
1008 1697 1053 1742 &
1063 1693 1269 1742 umbroia
1308 1696 1541 1760 Praecipuus
1552 1694 1611 1741 ibi
1622 1696 1763 1743 herbae
1778 1688 1925 1716 Tmou.

96 1765 227 1812 [Betele
237 1778 483 1828 proventus,
491 1764 559 1827 cuj
565 1782 611 1810 us
619 1781 694 1828 per
702 1763 865 1810 lndiam
877 1777 1013 1811 totam
1024 1762 1061 1811 fi
1063 1781 1222 1829 equens
1232 1763 1408 1821 usuS,ut
1400 1766 1571 1829 integris
1580 1782 1673 1811 eam
1686 1764 1766 1813 sca-

97 1834 193 1899 phis
211 1833 361 1900 Javani
379 1833 480 1879 hinc
499 1831 710 1881 auferant
758 1833 998 1898 Lignorum
1025 1850 1201 1897 quoque
1223 1835 1269 1881 8(
1286 1831 1462 1880 salientis
1480 1851 1598 1898 aquae
1619 1835 1767 1899 ingens

95 1903 245 1966 copia,
267 1916 395 1966 atque
407 1902 493 1948 haec
511 1900 653 1960 causa,
671 1919 744 1948 cur
755 1915 901 1965 praeter
912 1904 1155 1967 navigantes
1166 1901 1342 1948 submde
1353 1902 1504 1949 necess
1508 1916 1638 1949 tatem
1649 1903 1765 1950 suam
1830 1950 1835 1955 ,

95 1969 378 2029 exscensione,
387 1970 507 2035 quod
520 1973 565 2018 8<
576 1988 654 2017 nos
661 1968 836 2016 fecimus
848 2003 862 2024 ‚
880 1968 1116 2035 suppleant.

167 2044 281 2087 Inter
299 2053 364 2087 tot
376 2037 525 2086 insulas
535 2040 609 2086 diu
620 2041 717 2106 vagi
738 2039 913 2087 tandem
932 2039 1028 2087 Kal.
1040 2043 1157 2104 Aug.
1168 2040 1463 2088 continentem
1475 2039 1765 2102 [Quchinchinae

96 2110 152 2156 ad
164 2112 342 2156 Boream
355 2110 399 2156 &
410 2111 455 2156 N
458 2107 738 2174 otapeliotem
749 2107 823 2156 sub
834 2107 1059 2156 latitudine
1071 2110 1243 2175 viginti,
1268 2111 1477 2174 graduum
1491 2113 1536 2158 &
1546 2109 1617 2157 sex
1628 2112 1765 2157 minu-

97 2192 242 2225 torum
252 2176 563 2243 conspeximus.
601 2181 768 2226 Littora
787 2177 973 2244 legentes
993 2178 1159 2244 aspecotu
1176 2176 1477 2240 jucundissimo
1499 2179 1764 2245 profundita-

96 2262 186 2295 tem
207 2249 328 2294 maris
338 2246 552 2294 arenosam
570 2249 722 2314 viginti
742 2246 948 2294 ulnarum.

166 2315 442 2377 Kottchinchirm
454 2333 546 2380 pars
554 2317 673 2381 regni
688 2319 845 2361 Gannan
857 2315 1070 2374 censetur,
1089 2331 1207 2364 extra
1231 2318 1340 2364 Sinae
1361 2317 1530 2375 limites,
1550 2317 1620 2364 sed
1640 2320 1677 2365 ei
1690 2321 1763 2366 tri-

97 2383 208 2432 buto
219 2385 423 2433 obnoxia.
448 2386 629 2450 Qippe
645 2388 820 2443 Gammn,
830 2384 919 2431 duo
929 2383 1224 2450 complectitur
1235 2403 1365 2451 regna
1378 2385 1575 2451 nggking
1586 2389 1631 2434 &
1643 2389 1763 2450 Kiao»

96 2454 152 2500 chi
173 2453 256 2502 sive
275 2453 548 2518 Kouchinchina
562 2490 574 2512 ⁷
611 2470 796 2518 quorum
813 2455 1037 2518 antiquum
1058 2471 1218 2500 nomen
1239 2456 1321 2502 fuit
1344 2456 1562 2520 Nanlu‘ang.
1604 2457 1763 2505 Ferunt

99 2525 294 2570 Hiaonum
313 2542 367 2570 ex
387 2521 545 2569 familia
567 2526 630 2570 H
628 2540 699 2568 ana
711 2521 921 2569 Caesarem
935 2524 1126 2569 Sinarum
1141 2525 1291 2588 primas
1302 2542 1356 2571 eo
1367 2523 1572 2571 Colonias
1584 2525 1758 2584 duxisse,

101 2609 346 2657 nomenque
365 2592 520 2639 dediffe
532 2589 677 2637 incolis
687 2589 851 2652 Kliochi
863 2628 874 2649 ,
890 2591 1009 2656 quod
1031 2592 1186 2658 digitos
1196 2593 1358 2658 pedum
1376 2595 1419 2639 in
1441 2595 1569 2639 crucis
1580 2592 1762 2642 formam

102 2660 280 2707 intortos
288 2660 477 2726 plerique
490 2660 687 2708 habeant.
720 2659 809 2706 Sub
820 2658 976 2706 familia
986 2659 1122 2726 Tanga
1134 2679 1292 2708 nomen
1301 2665 1371 2722 Ki
1370 2662 1448 2707 wel
1438 2680 1490 2708 eu
1502 2661 1759 2727 impostum

103 2728 288 2793 Populus
299 2729 384 2795 ipse
395 2729 507 2776 rudis
519 2746 686 2776 morum
690 2745 890 2802 ,corpore
902 2727 1062 2787 valido,
1080 2729 1550 2794 eoqueintrafffflbilior,
1569 2732 1684 2779 unde
1698 2735 1759 2779 Si—

101 2796 295 2844 nensibus
305 2798 630 2863 Imperatoribus
642 2799 779 2844 minor
790 2814 878 2858 ejus
889 2815 1010 2856 cura,
1029 2797 1300 2845 verosimilius
1311 2817 1364 2845 ex
1377 2813 1517 2858 metu,
1535 2818 1633 2847 cum
1644 2803 1760 2847 inco-

101 2864 157 2912 las
176 2865 329 2914 viribus
341 2870 385 2916 8<
400 2866 638 2914 robo1es1bi
654 2885 801 2932 pares
789 2865 1076 2931 agnoscerent,
1089 2867 1298 2913 dominari
1317 2865 1462 2915 asuetis
1481 2868 1666 2934 illis‚qui
1679 2872 1756 2916 mi-

100 2936 198 2981 tiori
218 2936 394 2999 ingenio¹
407 2935 513 2983 sunt.

170 3007 234 3052 H
233 3022 370 3068 unguas
395 3006 629 3068 Imperator
658 3003 753 3069 (illi
776 3007 850 3069 qui
866 3005 1064 3050 Tartaros
1094 3022 1149 3051 ex
1169 3003 1410 3070 posteritate
1424 3007 1570 3070 Zingis
1591 3008 1758 3054 Clmmica

98 3071 193 3138 post
214 3074 450 3139 nonaginta
471 3091 678 3123 annorum
691 3075 1034 3123 dominationem
1053 3074 1153 3122 Sina
1169 3075 1320 3123 iterum
1344 3074 1542 3140 expulit)
1563 3090 1661 3123 ante
1681 3090 1760 3122 tre-

1036 3145 1076 3191 E
1619 3157 1763 3191 centos
