2114 3412
306 150 380 197 30
659 120 799 186 Pars
818 122 985 183 ultima
1007 124 1290 207 Legationis
1311 124 1574 183 Batavicae

300 231 380 280 bus
403 232 626 295 eriguntur
646 226 817 291 sumptu
837 225 1016 292 publico
1034 224 1311 291 triumphales
1342 243 1458 272 arcus
1477 229 1732 285 marmorei,
1764 229 1809 276 8<
1826 227 1963 295 siquis

305 303 463 347 civium
491 297 732 345 eruditione
773 299 1019 361 primarium
1047 296 1194 343 locum
1222 296 1412 342 obtinuit
1438 333 1450 354 ,
1494 295 1616 342 simili
1647 296 1812 344 honore
1831 300 1963 349 affici-

308 383 388 416 tur.

140 456 260 489 Pretio.
365 435 588 501 Quicquid
600 449 697 483 toto
710 437 897 501 Imperio
916 434 1147 500 pretiosum
1166 435 1392 498 quotannis
1406 434 1611 499 Pekiaeggram
1621 433 1673 480 ad
1688 438 1858 502 Regem
1867 439 1965 493 mit-

144 494 265 577 ἱζοζὲἒῑζξ
311 509 423 554 titur.
459 505 619 567 Majori
637 522 799 570 pompa
821 523 896 570 per
910 506 1148 552 Provincias
1158 502 1588 569 Magist1⁴atus,quain
1608 505 1650 549 in
1666 503 1966 572 Regia,utun·

141 568 274 647 (Ιίῑωῗᾞζ
314 591 395 624 tur.
430 574 537 623 Solis
558 576 765 640 primariis
786 574 949 621 licitum
970 573 1116 621 lectica
1131 586 1492 638 quatuortantum
1513 572 1757 633 Bajulorum
1777 577 1864 636 uti,
1887 595 1967 625 cae-

143 629 266 691 'thilia'
315 649 395 694 teri
411 646 530 712 equis
552 645 779 692 vehuntur.
814 644 993 710 Singulo
1003 642 1289 708 quadriennio
1310 643 1528 688 Senatores
1551 644 1721 707 Imperii
1747 642 1967 710 sepulchra

314 717 452 782 Regia
475 713 719 762 muneribus
740 714 890 761 colunt
905 751 917 771 ,
950 713 1019 760 sed
1048 712 1282 778 praecipuus
1309 710 1448 757 honos
1473 716 1669 760 Humvuo
1688 714 1964 764 Tartarorum

314 786 470 833 ultimo
482 783 688 831 domitori
711 785 755 829 &-
773 783 947 848 flagello
966 780 1210 828 exhibetur.

145 889 302 921 Rei-cren-
387 854 614 901 Proximus
631 854 652 899 'a
670 856 792 918 Rege
812 851 953 898 honor
971 848 1289 917 Magistratibus
1299 847 1479 897 debetur
1491 888 1503 909 ,
1525 851 1600 915 qui
1616 849 1676 897 ob
1695 850 1808 900 bene
1818 856 1968 904 merita

143 940 185 959 1¹³
197 940 265 976 eriz-1
317 923 370 971 ad
386 922 501 971 aliud
513 940 665 970 munus
685 922 842 978 evecti,
873 922 1087 968 memoriae
1107 938 1211 986 ergo
1232 936 1374 965 ocreas
1386 917 1472 965 suas
1487 919 1744 981 civitatibus,
1762 922 1877 971 unde
1887 925 1968 971 mi-

146 971 303 1042 iiisig'stm'
319 1010 440 1059 grant
464 1029 475 1050 ,
508 994 645 1058 rogati
664 989 936 1056 relinquunt,
969 1006 1071 1055 quas
1105 988 1339 1055 magnificis
1367 988 1710 1053 inscriptionibus
1742 1006 1967 1042 exornant.

318 1060 605 1128 Dignioribus
616 1059 843 1108 Columnae
855 1076 1114 1112 marmoreae,
1124 1058 1308 1123 Templa
1320 1059 1364 1104 8<
1382 1058 1583 1122 imagines
1594 1062 1834 1109 excitantur
1843 1099 1856 1122 ,
1865 1079 1969 1127 quas

319 1132 508 1197 populus
525 1144 690 1177 tantum
708 1148 797 1177 non
818 1130 970 1176 divinis
989 1125 1226 1175 honoribus
1238 1164 1249 1185 ,
1282 1126 1342 1174 ob
1359 1126 1566 1174 beneficia
1579 1131 1782 1177 &merita
1795 1171 1807 1191 ,
1823 1130 1968 1197 prose-

318 1203 481 1267 quitur,
496 1199 668 1246 Odores
687 1199 877 1256 adolent,
889 1197 1008 1244 eibos
1025 1197 1233 1252 offerunt,
1249 1199 1292 1244 8<
1311 1194 1428 1243 velut
1441 1199 1627 1245 Numina
1638 1199 1833 1260 adorant,
1853 1200 1968 1248 hunc

316 1270 519 1335 equidem
539 1267 703 1315 cultum
719 1268 741 1313 a
759 1269 960 1316 Numinis
973 1267 1089 1314 latria
1109 1266 1195 1312 fine
1211 1265 1638 1331 distinguendo,cum
1651 1268 1719 1315 hic
1739 1270 1967 1317 innecessi-

319 1340 413 1388 tatis
433 1337 680 1397 liibsidium,
697 1337 766 1384 ille
777 1337 985 1384 duntaxat
1002 1338 1045 1382 in
1061 1334 1371 1383 beneficiorum
1383 1338 1634 1383 memoriam
1649 1336 1736 1386 fiat.

388 1406 558 1457 Nullibi
582 1421 785 1453 terrarum
803 1405 941 1465 major
958 1403 1204 1471 parentibus
1223 1404 1396 1451 honora
1419 1402 1560 1453 liberis
1579 1405 1823 1467 exhibetur,
1836 1406 1970 1473 idque

144 1460 287 1532 ᾒᾮῗᾷῗῗ’
315 1480 582 1542 praecipuum
599 1475 885 1541 Philosophiae
895 1473 1063 1522 moralis
1078 1472 1193 1540 apud
1206 1475 1320 1521 Sinas
1335 1474 1644 1522 documentum
1653 1474 1725 1524 est.
1755 1478 1812 1524 Et
1829 1477 1873 1524 in
1888 1476 1970 1525 ser-

314 1564 445 1595 mone
459 1586 473 1608 ,
508 1549 554 1594 &
566 1548 610 1593 in
625 1544 800 1593 seffione
815 1544 867 1592 ad
878 1543 983 1592 latus
999 1583 1012 1605 ,
1043 1561 1133 1591 non
1143 1543 1298 1594 eodem
1313 1543 1446 1610 gradu
1463 1579 1475 1601 ,
1492 1558 1564 1592 aut
1580 1545 1603 1591 ὲ
1615 1548 1791 1612 regione
1803 1584 1816 1606 ,
1847 1547 1970 1612 quod

313 1618 444 1664 etiam
453 1614 649 1682 discipuli
667 1613 858 1681 respectu
867 1627 1180 1680 praeceptorum
1190 1611 1417 1660 observant
1427 1649 1439 1673 ,
1457 1614 1502 1660 &
1522 1616 1565 1662 in
1583 1612 1884 1666 sustentatione
1893 1634 1969 1664 eo-

314 1704 411 1734 rum
427 1704 474 1733 ac
493 1683 705 1752 sepultura
716 1722 729 1744 ,
751 1684 957 1732 summam
969 1683 1254 1732 devotionem
1263 1700 1361 1749 erga
1376 1696 1570 1749 parentes
1583 1683 1805 1732 sudoribus
1825 1684 1970 1733 osten-

315 1757 439 1804 dunt.
474 1753 672 1804 Natalem
692 1771 715 1801 a
734 1753 905 1802 decimo
924 1753 975 1800 ad
993 1751 1348 1819 septuagesimum
1363 1753 1410 1800 8<
1430 1753 1609 1819 amplius
1627 1771 1784 1802 annum
1795 1753 1972 1821 religio-

315 1827 356 1873 se
368 1824 668 1873 &solemniter
687 1823 848 1871 colunt.
886 1824 1028 1871 Etiam
1046 1821 1116 1869 illa
1132 1823 1237 1884 dies,
1249 1840 1333 1887 qua
1345 1821 1507 1870 virilem
1519 1823 1680 1889 pileum
1691 1859 1703 1883 ,
1718 1822 1839 1890 quod
1852 1825 1971 1890 vige-

317 1895 424 1942 simo
440 1895 569 1942 fetatis
589 1911 703 1941 anno
723 1892 787 1951 fit,
800 1891 1117 1958 ass'umpserunt,
1131 1891 1241 1939 sacra
1260 1891 1452 1942 habetur.

391 1962 472 2009 Sed
491 1964 705 2027 praecipua
720 1963 823 2008 novi
835 1964 931 2008 anni
943 1998 955 2020 ,
975 1980 1049 2026 per
1060 1974 1197 2007 totam
1209 1962 1349 2007 Sinam
1360 1964 1496 2025 prima
1507 1963 1607 2008 novi
1622 1964 1666 2009 ἃ
1680 1963 1817 2027 prima
1829 1962 1969 2009 Pleni-

319 2030 427 2078 lunii
446 2030 514 2078 die
529 2031 740 2078 festivitas.
778 2032 906 2076 Tunc
919 2028 1112 2077 candelas
1128 2046 1183 2075 ex
1206 2046 1395 2094 papyro,
1413 2031 1526 2077 vitro
1545 2032 1590 2078 Sc
1610 2047 1756 2095 panno
1768 2029 1970 2078 omnibus

322 2102 475 2166 passim
486 2100 759 2147 conclavibus
770 2099 1020 2158 accendunt,
1028 2112 1076 2145 ut
1088 2097 1239 2145 cundia
1251 2097 1428 2164 flagrare
1446 2098 1681 2147 videantur.
1716 2101 1971 2149 Discurrunt

319 2172 449 2217 etiam
467 2167 596 2218 nostu
616 2188 691 2234 per
708 2170 864 2235 plateas
877 2207 890 2228 ,
904 2168 1021 2214 velut
1035 2170 1170 2227 ceriti,
1184 2185 1285 2214 cum
1305 2167 1486 2216 candelis
1498 2169 1749 2218 Diaconum
1759 2169 1896 2218 forma
1906 2171 1972 2217 in-

321 2241 462 2299 tortis,
482 2242 526 2287 8<
544 2240 689 2304 pallim
705 2256 759 2284 ex
774 2237 950 2303 pulvere
966 2239 1092 2302 pyrio
1108 2237 1245 2285 festivi
1262 2238 1379 2302 ignes
1395 2236 1694 2287 accenduntur.

155 2347 274 2379 Coum
389 2310 608 2355 Convivia
628 2307 958 2373 frequentissima
977 2308 1160 2371 agitant,
1177 2325 1272 2373 quae
1283 2307 1530 2354 Graecorum
1550 2325 1670 2354 more
1685 2309 1876 2372 symposia
1891 2324 1971 2357 vo-

155 2388 244 2420 vandi
259 2390 297 2420 ri·
322 2391 444 2437 cant,
479 2377 600 2441 quod
624 2376 830 2437 majorem
849 2390 1010 2442 partem
1029 2377 1225 2441 potando
1245 2374 1537 2442 transigantur.
1573 2381 1835 2441 Quanquam
1853 2377 1970 2425 enim

154 2440 212 2461 ωε·
322 2445 725 2513 poculaSinenlium
748 2448 822 2493 vix
840 2446 956 2492 nucis
975 2446 1205 2510 capacitate
1215 2445 1294 2493 sint
1308 2481 1321 2503 ,
1352 2447 1572 2510 ingentem
1590 2459 1731 2493 tamen
1747 2459 1876 2512 potus
1894 2462 1970 2494 co-

323 2518 440 2582 piam
450 2514 696 2573 absumunt,
716 2517 815 2579 quia
831 2515 1041 2561 continuo
1058 2512 1147 2562 fere
1158 2517 1203 2562 &
1224 2514 1381 2580 absque
1393 2513 1694 2563 intermistione
1703 2514 1903 2579 pitiffant.

393 2588 500 2634 Non
516 2585 659 2632 cultris
670 2598 763 2643 ,aut
778 2582 1084 2644 cochlearibus,
1095 2583 1163 2631 sed
1178 2582 1340 2632 bacillis
1358 2601 1413 2631 ex
1429 2584 1577 2642 ebore,
1588 2596 1660 2629 aut
1676 2581 1970 2650 saumis-,quo-

324 2673 419 2702 rum
435 2656 721 2702 extremitates
741 2666 917 2719 argento
939 2653 983 2699 &
1009 2670 1113 2699 auro
1139 2651 1336 2701 obduciae
1355 2689 1367 2711 ,
1407 2653 1517 2700 inter
1538 2650 1755 2704 edendum
1772 2667 1974 2714 utuntur,

325 2724 481 2789 quibus
501 2722 647 2770 eibum
657 2722 800 2790 digitis
820 2721 1022 2771 intac'ium
1034 2722 1097 2767 ori
1117 2721 1363 2769 admovent.
1399 2724 1507 2768 Potu
1526 2722 1654 2770 etiam
1672 2721 1970 2773 ferventissima

327 2793 465 2841 :estate
476 2792 727 2840 calidissimo
738 2805 938 2852 utuntur,
948 2791 1082 2856 idque
1093 2790 1431 2839 {alubrecensent
1443 2812 1455 2849 3
1477 2788 1590 2840 unde
1601 2788 1866 2857 o&oges1mo
1874 2804 1973 2841 aeta-

327 2864 376 2908 tis
390 2880 503 2909 anno
520 2864 660 2929 vegeti
678 2861 886 2921 adhuc,&
904 2878 926 2906 a
942 2859 1110 2912 calculis
1120 2878 1285 2921 renum,
1297 2872 1370 2905 aut
1382 2857 1523 2906 vesicae
1533 2871 1624 2910 tota
1636 2860 1722 2909 vita
1736 2859 1859 2911 liberi
1869 2877 1970 2908 meo

326 2929 497 2991 judicio
518 2930 694 2998 degunt.
1872 2984 1876 2989 ,

163 3012 298 3059 imitan-
393 2999 592 3063 Hospites
613 2998 770 3066 triplici
802 2998 953 3047 libello
971 2998 1025 3046 ad
1049 2998 1299 3047 convivium
1330 3012 1481 3062 magna
1506 2994 1707 3046 civilitate
1726 2997 1970 3046 invitantur.

160 3052 203 3086 ‘³¹'
326 3068 485 3115 Primus
505 3067 644 3131 pridie
656 3107 669 3130 ,
701 3068 770 3116 vel
784 3068 916 3118 etiam
927 3066 1122 3135 pluribus
1140 3065 1291 3116 diebus
1306 3078 1404 3115 ante
1422 3066 1612 3115 convivii
1631 3065 1751 3118 diem
1761 3065 1969 3124 mittitur,

1894 3149 1975 3199 qui
