2114 3412
106 1525 415 1576 attendendum
425 1524 549 1572 foret.
583 1526 753 1592 Legatis
765 1560 778 1581 ,
788 1539 885 1575 toto
896 1528 1046 1576 itinere
1063 1529 1107 1576 in
1119 1528 1389 1577 instruffione
1399 1532 1681 1596 Interprctum
1695 1547 1770 1577 oc·-

106 1598 268 1661 cupatis
277 1629 291 1650 ,
308 1595 352 1641 id
372 1597 496 1642 unice
508 1612 615 1641 curae
624 1594 705 1643 fuit
717 1632 731 1654 ,
752 1613 808 1642 ne
820 1610 907 1644 tam
920 1598 1147 1664 magnifica
1159 1601 1340 1665 Legatio
1349 1613 1502 1665 optato
1521 1614 1677 1648 careret
1688 1600 1773 1648 suc--

106 1666 219 1713 cessii
242 1683 252 1708 :
276 1663 520 1711 hincindies
530 1665 708 1712 dicenda
718 1666 983 1731 tacendaque
996 1666 1288 1728 inculcabant,
1303 1667 1501 1715 sermonis
1510 1667 1775 1726 brevitatem,

107 1739 154 1784 ὃς
176 1731 460 1797 respondendi
479 1733 721 1781 tarditatem
740 1732 1010 1800 summopere
1028 1737 1376 1784 commendantes
1397 1760 1410 1797 3
1434 1739 1511 1785 hac
1533 1737 1697 1785 cautela
1719 1739 1773 1785 ad

108 1802 267 1853 Aulam
288 1802 420 1867 usque
440 1804 642 1866 repetita,
664 1818 713 1851 ut
733 1804 787 1850 ad
808 1820 955 1852 mutua
975 1804 1166 1870 responsa
1183 1808 1331 1854 attenti
1344 1807 1550 1865 identica‚
1571 1825 1659 1854 non
1673 1825 1775 1855 vero

108 1871 453 1926 contradictoria,
471 1873 661 1919 dicerent
680 1907 692 1929 ,
726 1889 783 1920 ne
804 1891 859 1920 ex
877 1874 1126 1939 praepostera
1145 1878 1495 1940 interpretatione
1513 1878 1777 1941 Legatorum

106 1943 212 1991 fides
217 1949 361 2006 Magno
376 1939 507 1988 Cheimo
520 1940 702 2005 suspecta
711 1940 887 1989 foretzut
897 1961 985 1990 rem
997 1945 1327 2009 proponendam
1338 1943 1540 1992 succincta
1553 1939 1779 1999 methodo,

110 2026 159 2059 ut
169 2014 227 2059 rei
240 2013 416 2079 gravitas
427 2009 668 2076 postulabat
677 2045 690 2069 ‚
701 2010 963 2074 explicarent
973 2049 984 2071 ,
996 2030 1050 2059 ne
1062 2015 1215 2080 Legati
1225 2016 1349 2061 toties
1358 2016 1546 2079 repetitis
1555 2013 1780 2079 quaestiun—

110 2080 210 2129 culis
230 2083 274 2127 in
292 2079 506 2145 praesentia
528 2093 597 2127 tot
619 2078 838 2127 illustrium
857 2082 1061 2129 Virorum
1080 2082 1348 2130 turbarentur
1366 2099 1490 2130 utrum
1507 2083 1712 2130 immediate
1730 2103 1780 2131 ex

113 2150 354 2199 Hollimdm?
380 2151 469 2213 Qs
487 2150 611 2196 literas
632 2152 804 2215 Magno
816 2151 991 2197 Chamo
1010 2151 1230 2216 destinatas,
1240 2150 1542 2217 fitbfignaverit?
1574 2155 1656 2217 Q
1675 2155 1781 2199 titulo

112 2219 308 2266 OEatavt‘cae
321 2220 507 2264 Societtztis
520 2217 751 2264 Gubernator
753 2218 938 2283 gauderet
952 2224 970 2267 ἕ
1009 2222 1092 2285 Qo
1102 2221 1187 2285 jure
1209 2222 1283 2267 lyaec
1294 2223 1369 2267 loca
1380 2221 1610 2285 possideant?
1650 2222 1781 2287 Qilis

105 2287 161 2356 fit
183 2285 527 2351 Reipublicaefhrma
548 2289 565 2331 ἒ
601 2289 648 2332 ln
667 2285 785 2348 cujus
802 2286 1091 2351 explicatione
1111 2287 1260 2350 postea
1283 2291 1408 2335 anxie
1426 2289 1663 2336 laboratum
1685 2291 1783 2343 fuit,

114 2358 216 2404 dum
238 2359 344 2404 Sinis
363 2354 619 2403 Monarchia
641 2356 853 2402 duntaxat
864 2355 1077 2421 perspecta
1091 2355 1152 2403 sit.
1187 2356 1387 2405 Abhis&
1400 2357 1622 2416 fimilibus,
1646 2357 1674 2404 fi
1693 2376 1783 2405 non

113 2426 308 2474 curiosius
320 2425 442 2473 fieret
451 2441 649 2483 examen,
660 2423 930 2484 abstinerent,
938 2426 1124 2489 expreffe
1138 2425 1364 2474 voluerunt
1375 2429 1524 2493 Legati
1536 2462 1550 2483 2
1569 2445 1622 2475 ne
1630 2429 1785 2475 Tarta-

115 2512 259 2542 rorum
271 2497 433 2542 animos
444 2510 654 2540 novarum
667 2510 807 2540 rerum
825 2495 1064 2541 narratione
1071 2494 1401 2544 confunderent.

126 2564 129 2568 ’
185 2565 468 2611 Mandorinus
492 2564 679 2609 (Pixentou
691 2598 703 2620 ,
717 2580 816 2609 cum
827 2561 915 2609 haec
928 2565 974 2612 &
985 2562 1196 2628 ejusmodi
1213 2567 1373 2613 motiva
1390 2567 1412 2612 a
1425 2566 1593 2632 Legatis
1603 2564 1711 2611 clare
1723 2565 1785 2612 di-

118 2631 346 2697 stincteque
360 2630 575 2698 propofita
586 2665 600 2686 ,
618 2649 664 2677 ac
675 2632 814 2679 media
827 2666 839 2689 ‚
857 2632 1011 2697 quibus
1021 2636 1279 2700 Magnarum
1298 2633 1419 2682 favor
1429 2628 1701 2698 aucupandus
1712 2670 1724 2692 ,
1738 2652 1786 2681 ac

118 2703 185 2749 via
208 2702 261 2749 ad
282 2701 458 2748 liberam
480 2720 556 2766 per
566 2701 801 2748 universam
822 2704 966 2749 Sinam
978 2717 1252 2750 mercaturam
1262 2703 1492 2750 munienda
1503 2740 1514 2762 ,
1535 2702 1787 2751 sufficienter

122 2769 403 2817 demonstrata
415 2769 677 2819 &inculcata
688 2772 830 2820 forent
841 2807 853 2829 ,
870 2771 1012 2818 media
1027 2772 1154 2819 nocie
1173 2772 1213 2818 se
1231 2772 1407 2819 terrestri
1426 2775 1572 2825 itinere
1586 2773 1638 2819 ad
1650 2771 1789 2820 Caesa-

122 2856 235 2885 ream
245 2839 415 2904 Pekingae
426 2839 712 2906 Metropolim
721 2838 916 2887 contulit.
951 2842 1103 2908 Legati
1125 2858 1223 2887 cum
1237 2840 1424 2888 universa
1434 2859 1595 2906 pompa
1604 2844 1790 2909 'navigiis

122 2906 258 2972 ipsum
269 2905 531 2972 insequentes
553 2909 778 2957 undecima
797 2908 915 2975 Junii
940 2927 1015 2974 per
1031 2908 1220 2956 canalem
1241 2911 1361 2958 fluvii
1382 2911 1579 2977 Chaoleang
1592 2912 1790 2959 o&avum

126 2977 323 3023 Civitatis
334 2979 616 3040 Imperatoriae
637 2981 778 3043 Pelting
792 2979 1026 3044 Oppidum
1045 2980 1071 3046 J
1085 2982 1131 3026 O
1144 2983 1184 3026 E
1195 2983 1221 3026 S
1234 2983 1300 3027 W
1313 2982 1360 3027 O
1374 2984 1414 3028 E
1434 2984 1661 3029 centum&
1674 2982 1791 3030 ocio-
1808 2984 1965 3026 Oppidum

1807 3028 1967 3070 Jortswor.

126 3045 275 3109 gintaa
288 3043 438 3091 Tiencin
448 3045 479 3106 ly
491 3046 543 3093 ad
553 3048 840 3095 Occidentem
851 3046 973 3095 situm
985 3046 1255 3112 appulerunt,
1264 3049 1386 3114 quod
1395 3051 1591 3097 circuitus
1608 3052 1794 3097 dimidiae
1810 3071 1970 3109 mongunt.

129 3113 240 3161 horae
250 3115 463 3162 munitum
476 3115 821 3182 populosumque
832 3153 845 3178 ‚
865 3130 983 3166 tanta
1004 3116 1065 3164 ibi
1085 3116 1391 3168 transeuntium
1414 3121 1587 3168 navium
1607 3119 1796 3168 multitu-

1130 3189 1158 3235 S
1682 3189 1799 3246 dine,
