2114 3385
405 170 473 230 ad
480 173 627 239 M
622 193 797 257 agnum
810 170 1067 233 Tartariae
1083 176 1127 233 S
1129 176 1307 259 imaeque
1323 174 1581 255 Chamum.
1747 199 1815 249 59

786 343 1347 407 ξιξὸᾱξμῂῇῑῗΐιειῖξωιε
1377 370 1380 371 ⁷

120 1565 271 1596 omnes
280 1545 422 1595 studio
435 1544 736 1613 &impetuoso
746 1546 919 1594 vorticis
930 1544 1051 1595 cursu
1062 1546 1294 1596 auxiliante
1304 1582 1318 1606 ‚
1340 1547 1395 1595 ad
1422 1548 1560 1615 ripam
1573 1550 1792 1616 appulisse=

118 1635 226 1676 mm,
237 1617 385 1664 medio
397 1615 533 1666 fluvio
545 1615 766 1664 nobiscum
777 1615 1029 1664 subsedisset.
1066 1616 1248 1665 Flumen
1267 1615 1404 1683 ipsum
1414 1632 1640 1685 utramque
1647 1621 1792 1670 fertilia

118 1685 212 1741 buS,
221 1686 503 1753 jucundisque
514 1687 620 1753 agris
629 1685 807 1733 cin&am
818 1683 1030 1733 offerebat
1037 1687 1183 1752 ripam.
1216 1686 1467 1753 Oppidum,
1477 1686 1555 1735 situ
1568 1707 1731 1738 amaeno
1745 1692 1790 1739 in

117 1753 263 1824 lingua
272 1757 454 1821 quadam
466 1757 587 1804 fluvii
598 1754 978 1815 stru&um‚ambitu
989 1769 1184 1821 quartam
1195 1756 1309 1804 horae
1322 1770 1487 1822 partem
1499 1757 1707 1807 describit.
1719 1765 1791 1809 Ex

114 1823 291 1874 adverso
300 1825 493 1873 horridus
514 1831 751 1890 Zang-won
766 1825 837 1871 hab
849 1825 1055 1873 imminet.
1082 1824 1226 1873 Distat
1244 1841 1419 1874 centum
1441 1829 1488 1874 &
1510 1829 1661 1893 viginti
1680 1831 1743 1896 Ly
1765 1833 1789 1879 a

115 1896 277 1944 Sanxiu.
315 1898 475 1943 Maenia
487 1892 588 1953 alta,
607 1895 814 1959 firmaque
828 1916 843 1954 3
862 1896 973 1942 intus
982 1892 1210 1960 splendidis
1217 1894 1375 1943 aedibus
1386 1896 1654 1963 Pagodisque
1665 1916 1789 1946 exor-

115 1977 230 2023 nata,
238 1962 486 2012 suburbium
496 1981 673 2030 quoque
683 1963 797 2011 haud
810 1963 1043 2030 spernenda
1054 1965 1348 2032 magnitudine
1360 1964 1508 2023 habet,
1529 1968 1574 2014 &
1587 1982 1717 2033 portu
1728 1967 1788 2016 se-

112 2050 217 2081 curo
229 2034 315 2081 vim
328 2034 516 2082 fluminis
528 2034 707 2101 spernit,
717 2051 877 2103 magno
889 2035 1184 2101 navigantium
1195 2034 1433 2082 commodo
1444 2071 1456 2094 ‚
1474 2037 1549 2100 qui
1561 2035 1790 2103 tempesta-

112 2101 246 2161 tibus,
264 2116 337 2150 aut
353 2102 558 2152 violentia
580 2121 785 2169 aquarum
796 2101 1078 2170 periclitantes
1086 2103 1138 2150 ad
1151 2117 1326 2168 portum
1343 2105 1476 2170 [νζξτακ
1487 2142 1500 2163 ,
1522 2118 1664 2153 tutum
1679 2105 1788 2154 sem-

111 2189 189 2238 per
208 2169 421 2238 refugium
443 2191 593 2239 capere
612 2173 801 2239 possunt.
856 2171 939 2239 Ipsi
958 2174 1103 2238 portui
1133 2173 1188 2220 ad
1218 2173 1413 2221 dextram
1445 2177 1565 2222 turris
1595 2173 1787 2224 altiffima

111 2258 273 2289 novem
285 2243 660 2310 contignationum
669 2241 882 2290 artificiosi
903 2243 1042 2307 operis
1060 2243 1280 2298 imminet,
1301 2245 1348 2291 ὃς
1369 2245 1481 2291 viam
1502 2243 1620 2308 quasi
1648 2243 1785 2292 osten-

111 2311 185 2360 dit.

181 2377 398 2446 Vigesima
424 2382 574 2445 quinta
590 2380 740 2428 Martii
762 2377 1054 2427 admirabilem
1073 2379 1294 2448 Pagodam
1313 2379 1781 2450 KON-JAN-SJAM

111 2448 409 2514 conspeximus
429 2486 444 2507 ,
464 2467 595 2516 quem
617 2448 808 2497 Sinenses
829 2448 944 2496 haud
964 2450 1121 2496 minori
1140 2447 1345 2515 religione
1366 2485 1379 2508 ,
1398 2467 1527 2515 quam
1542 2451 1785 2516 Zangaewona

111 2516 330 2580 habienftm,
349 2518 519 2578 colunt,
539 2518 825 2584 sacrificiisque
837 2517 1125 2583 frequentant.
1161 2520 1272 2566 Situs
1291 2517 1414 2566 estad
1433 2521 1568 2585 ripam
1580 2519 1783 2581 fluminis,

112 2584 212 2632 loco
221 2585 309 2633 solo
330 2589 373 2634 in
385 2588 604 2653 crepidine
616 2588 718 2636 vasti
728 2590 884 2635 montis
892 2620 906 2641 ,
926 2586 1124 2654 gradibus
1135 2589 1178 2635 in
1198 2606 1298 2636 eum
1318 2586 1458 2635 multis
1477 2606 1553 2653 per
1572 2587 1786 2653 speluncas

111 2656 254 2714 varias,
266 2674 367 2721 quas
380 2671 528 2706 natura
545 2675 644 2705 cum
655 2671 741 2704 arte
752 2657 973 2722 produxit,
984 2655 1291 2705 conscenditur.
1314 2656 1499 2704 δεηθείης
1510 2659 1710 2705 nimirum
1724 2661 1786 2705 Si-

113 2721 257 2771 nenses
268 2725 388 2773 Idola
396 2726 466 2774 sua
477 2729 520 2773 in
530 2726 630 2774 locis
640 2726 822 2780 desertis,
831 2725 1008 2792 ipsoque
1020 2724 1188 2790 aspe&u
1199 2725 1642 2786 horridis‚existi1nant‚
1653 2746 1785 2792 quam

114 2790 146 2838 fi
156 2793 253 2840 fana
261 2793 347 2858 ipsa
359 2831 371 2854 ,
380 2813 428 2842 ac
437 2795 612 2844 delubra
621 2795 721 2843 locis
733 2831 744 2854 ‚
755 2794 973 2842 concursui
984 2795 1175 2841 humano
1187 2795 1323 2841 obviis
1333 2830 1345 2853 ,
1362 2793 1663 2861 populofisque
1671 2796 1785 2844 urbi-

114 2859 193 2906 bus
203 2860 394 2911 statuant.
428 2867 547 2913 Tota
558 2865 685 2913 claffis
695 2865 859 2912 tamdiu
871 2862 1047 2911 substitit
1056 2898 1068 2921 ,
1093 2865 1234 2911 donec
1248 2864 1438 2911 Sinenses
1451 2864 1565 2912 dona
1578 2864 1647 2913 sua
1656 2865 1782 2913 Idolo

114 2929 318 2977 offerrent
329 2967 341 2989 ‚
351 2934 575 3000 precesque
585 2934 825 2982 funderent.
863 2935 958 2980 Nos
968 2932 1125 2979 deinde
1135 2931 1346 2998 templum
1366 2933 1532 2998 ingreffi
1543 2970 1556 2993 ,
1578 2936 1784 3003 imagines

113 2997 281 3052 multaS,
293 3001 339 3047 &
350 3001 392 3047 in
401 3020 455 3066 pa
478 3003 629 3051 ietibus
640 3003 893 3052 charafieres
908 3002 1092 3059 Sinic0s‚
1111 3018 1159 3048 ac
1176 3000 1367 3066 symbola
1387 3003 1598 3058 vidimus,
1617 3003 1781 3071 Singuli

113 3069 315 3115 nimirum
328 3101 342 3122 ‚
365 3072 439 3133 qui
451 3020 645 3121 sacrificia
661 3072 722 3120 ibi
733 3072 946 3128 offerunt,
964 3071 1140 3116 nomina
1151 3068 1609 3121 suainscriberesolent.
1644 3076 1782 3120 Incre-

112 3135 247 3184 dibile
256 3136 370 3187 dietu
379 3175 395 3199 ,
410 3154 567 3204 quanta
575 3142 690 3208 apud
701 3142 870 3192 miseros
880 3139 972 3188 illos
982 3137 1280 3205 superstitionis
1291 3142 1350 3191 vis
1365 3157 1536 3207 regnet,
1557 3159 1687 3207 quam
1709 3142 1782 3188 de-

1046 3209 1092 3255 H
1131 3226 1157 3257 2
1681 3224 1783 3259 vote
