2114 3412
338 175 409 224 72
705 151 847 209 ‘Pars
860 144 1317 229 ultimaLegationis
1337 145 1610 211 Patavicae

339 258 453 304 drata
467 264 618 314 occupat
637 270 647 298 ,·
664 268 718 297 ex
735 269 775 297 eo
791 269 902 314 aqua,
916 251 1040 297 canali
1054 249 1219 297 dedufia
1237 284 1249 307 ,
1265 250 1422 296 alterum
1443 249 1566 295 lacum
1587 247 1731 313 efficit,
1754 246 1992 295 'antecedent‘
2067 252 2070 262 ¹

336 325 448 389 paulo
459 325 647 368 minorem.
679 321 778 366 Inde
791 319 877 378 fluit
893 321 1050 384 Hoang
1069 319 1215 367 boream
1236 317 1369 383 ‘veifits
1381 353 1394 376 ,
1420 318 1583 365 nonnihil
1603 321 1639 364 in
1656 323 1790 365 Ortum
1799 317 1990 382 defleflus.

344 396 409 441 M
405 410 457 438 ox
471 387 603 437 Xenfi
619 381 861 436 Provinciam
881 393 983 435 affuit
999 425 1010 446 ,
1024 390 1198 453 reflaque
1208 388 1263 434 ad
1284 391 1558 452 Ortumpetgit.
1594 387 1697 434 Tum
1713 386 1849 434 deinde
1861 385 1993 449 vevflaes

346 462 510 509 (Boream
525 459 691 522 arenosos
718 472 860 520 campos
875 493 885 514 ,
898 456 973 523 stu
988 459 1177 521 desertam
1187 456 1427 519 solitudinem
1440 456 1714 519 praeterlabitur
1729 494 1741 515 ,
1776 469 1889 521 atque
1910 456 1994 502 hinc

348 534 443 592 vers
438 549 481 576 us
502 530 679 593 Azstrum
691 528 832 573 Sinam
841 527 961 590 subit,
978 531 1021 575 &5
1039 541 1109 591 per
1122 530 1334 591 Xantung
1349 538 1418 589 per
1432 544 1533 572 mare
1548 529 1763 589 prorumpit.

413 597 540 645 Olim
554 614 630 662 per
647 598 853 661 Pekingam
864 612 1040 660 quoque
1056 596 1101 642 8(
1129 596 1380 661 Nankingam
1399 592 1632 652 labebatur,
1648 593 1717 640 sed
1735 596 1842 642 Sinae
1856 595 1996 655 veriti,

347 686 401 716 ne
418 668 572 714 crebris
600 663 961 713 exundationibus
985 664 1063 711 suis
1078 665 1294 730 Regiones
1326 662 1415 709 illas
1439 661 1642 728 depressas
1677 664 1721 710 &
1746 661 1995 730 campestres

348 735 561 802 perderet,
577 733 742 782 cursum
753 733 843 796 ejus
856 734 1018 798 ingenti
1035 733 1182 781 labore
1192 733 1277 780 alio
1291 732 1566 783 diverterunt,
1601 735 1781 799 Qippe
1795 731 1995 798 frequen·
2066 784 2069 785 ⁷

349 820 412 854 ter
426 806 534 869 ripas
549 804 760 850 excedens
780 804 977 868 proxima
987 819 1169 868 quaeque
1185 800 1340 850 limosis
1359 801 1438 848 suis
1450 801 1573 848 undis
1583 801 1747 867 stagnat
1754 840 1768 861 ,
1778 819 1874 866 quae
1883 800 1996 849 adeo

348 874 444 922 sunt
458 872 714 931 foeculentae,
728 888 774 918 ut
785 870 1017 937 proverbio
1030 870 1193 919 dicatur
1215 892 1224 918 ε
1256 871 1361 920 Tum
1369 875 1519 937 quando
1528 871 1675 937 flumen
1686 868 1727 934 C
1722 889 1866 919 roceum
1875 875 1993 935 penu-

316 990 321 994 ,
349 945 471 991 cidum
484 944 564 999 fiet.
603 941 684 987 Sed
713 956 848 989 nautae
867 940 1017 987 limum
1032 941 1217 988 alumine
1236 939 1395 1003 injefio
1418 941 1683 1006 praecipitant
1707 959 1717 987 :
1752 957 1860 988 mox
1879 940 1996 992 enim

349 1010 558 1077 quicquid
573 1009 794 1057 turbidum
808 1007 991 1057 subsidet
1002 1008 1054 1057 ad
1071 1010 1268 1059 fundum.

1026 1160 1314 1247 Catadupa

352 1291 442 1404 IN
486 1291 707 1340 Provincia
728 1298 789 1342 X
792 1291 876 1356 anfi
886 1328 899 1348 ‚
923 1289 1039 1354 apud
1056 1293 1213 1359 Pingjao
1227 1307 1337 1355 aqua
1361 1290 1523 1356 ingenti
1539 1289 1720 1356 fragore,
1735 1287 1854 1352 cnjus
1870 1291 1995 1342 sonus

399 1361 452 1409 ad
469 1360 660 1408 milliaria
676 1360 841 1422 aliquot
855 1358 1036 1406 auditur.

415 1432 464 1476 In
475 1429 697 1476 Provincia
717 1430 912 1491 Niangfi,
932 1426 1049 1492 apud
1069 1428 1280 1476 Nancham
1297 1427 1479 1492 primam
1495 1428 1774 1494 metropolim
1787 1445 1908 1478 mons
1919 1429 1997 1475 Pe-

353 1500 486 1563 chang‚
502 1497 546 1544 id
556 1496 616 1545 est
630 1508 803 1544 centum
817 1499 977 1545 Perticae
986 1496 1046 1544 est
1059 1532 1072 1556 ‚
1086 1496 1208 1562 quod
1228 1514 1335 1561 aqua
1352 1514 1451 1544 cum
1462 1498 1627 1563 impetu
1637 1512 1808 1546 centum
1818 1498 1999 1564 pertica-

353 1585 449 1615 rum
465 1566 688 1614 altitudine
701 1578 805 1615 ruat.

419 1638 467 1684 In
487 1636 626 1683 fluvio
643 1631 802 1697 (baem,
815 1637 889 1700 qui
905 1635 1020 1702 apud
1033 1644 1097 1687 X
1098 1637 1234 1703 unking
1243 1673 1256 1696 ,
1269 1653 1346 1701 per
1363 1652 1488 1701 rupes
1501 1637 1546 1684 8(
1557 1634 1654 1684 saxa
1662 1637 1768 1697 ruit,
1785 1635 1857 1685 sex
1867 1637 1912 1684 8(
1923 1636 2001 1684 tri-

353 1708 471 1774 ginta
479 1703 699 1768 catadupae
717 1703 811 1755 sunt
824 1743 836 1765 ,
863 1706 887 1752 ὲ
907 1703 1064 1770 quibus
1079 1723 1189 1771 aqua
1205 1704 1423 1753 horrendo
1436 1704 1604 1774 fragore
1626 1723 1811 1773 praeceps
1835 1705 2000 1754 delabi-

353 1789 434 1825 tur.
469 1776 607 1823 Rivus
624 1781 686 1825 X
687 1792 817 1822 emuen
841 1774 908 1824 vel
921 1778 1132 1842 Hing,ex
1149 1775 1387 1841 praecipitio
1402 1811 1416 1835 ‚
1446 1775 1569 1841 quod
1587 1777 1808 1842 Campana
1821 1773 2000 1837 dicitur,

352 1857 451 1892 ruit.

423 1912 596 1960 Fluvius
612 1916 646 1961 Y
642 1931 685 1960 ao
694 1911 810 1976 apud
822 1915 989 1979 Linijao,
999 1913 1124 1961 instar
1134 1913 1313 1961 tonitrui
1328 1912 1494 1963 labitur.

423 1982 473 2026 In
492 1998 608 2046 pago
626 1982 837 2046 (Thinking,
862 1983 979 2045 apud
1009 1982 1227 2047 oppidum
1246 1983 1370 2048 Chung
1389 1985 1445 2028 riv
1454 1999 1501 2029 us
1525 1985 1713 2049 mugio,
1744 1999 1801 2031 ex
1819 1980 2000 2048 rupibus

357 2047 615 2113 confragosis
631 2049 784 2095 labitur

423 2118 493 2163 Ex
517 2115 736 2165 montibus
762 2117 868 2178 Taye
886 2157 901 2178 ,
944 2136 1052 2183 aqua
1077 2117 1478 2184 quadringentarum
1505 2121 1759 2185 perticarum
1776 2119 2000 2171 altitudine

357 2201 453 2233 ruit.

425 2253 560 2319 Apud
576 2256 791 2320 oppidum
803 2256 907 2316 Tau,
918 2256 1201 2320 praecipitium
1216 2273 1422 2321 aquarum
1433 2274 1543 2305 mare
1559 2256 1670 2308 facit.
1795 2315 1799 2318 ,

376 2335 379 2337 ’
424 2323 559 2388 Apud
578 2320 766 2392 shoxng
784 2328 895 2372 rivus
909 2329 1126 2392 Xangyung
1146 2327 1430 2391 praecipitium
1445 2325 1588 2387 habet,
1601 2329 1671 2375 cui
1690 2327 1793 2393 lapis
1809 2324 2004 2389 inje&us‚

357 2390 495 2440 statim
518 2392 682 2456 pluvias
695 2395 740 2440 8(
761 2396 950 2442 tonitrua
966 2395 1077 2444 facit.
1744 2450 1747 2451 ⁷

427 2460 562 2528 Apud
581 2466 642 2510 H
641 2465 785 2511 oeicheu
810 2465 921 2511 rivus
933 2467 1076 2530 Singan
1090 2498 1104 2523 ,
1126 2464 1235 2510 inter
1246 2463 1371 2513 valles
1382 2467 1428 2512 8(
1443 2481 1567 2530 rupes
1583 2477 1768 2514 trecenta
1782 2463 2002 2530 sexaginta

357 2532 591 2596 praecipitia
607 2530 749 2579 habet.

425 2600 474 2647 ln
484 2601 623 2650 Folzien
633 2600 746 2664 apud
759 2601 931 2649 Tincheu
954 2603 1066 2648 rivus
1082 2605 1301 2668 Ienpmgam
1315 2603 1457 2662 ducit,
1473 2602 1614 2650 multis
1640 2619 1844 2668 aquarum
1853 2602 2001 2668 praeci-

358 2669 474 2733 pitiis
489 2671 535 2717 8(
549 2668 751 2716 brevibus
768 2670 947 2718 infamis,
983 2674 1135 2717 Nautae
1153 2669 1372 2719 fasciculos
1387 2671 1587 2720 straminis
1604 2673 1825 2733 injiciunt,
1843 2669 2004 2738 quibus
2028 2723 2030 2725 ,

357 2737 508 2787 leniter
521 2735 750 2786 allabentes
765 2756 891 2787 naves
910 2740 933 2784 εὶ
951 2739 1174 2805 naufragio
1194 2740 1497 2788 defenduntur.

425 2809 472 2855 ln
532 2809 660 2875 uangfi
670 2809 785 2872 apud
798 2810 944 2874 Pinglo,
958 2809 1068 2855 rivus
1081 2813 1158 2869 Ly,
1176 2810 1220 2856 in
1230 2827 1320 2875 quo
1329 2822 1516 2857 trecenta
1530 2807 1744 2875 sexaginta
1754 2810 2007 2876 praecipitia‚

359 2888 407 2922 ut
427 2878 500 2923 vix
522 2875 769 2942 navigabilis
785 2876 847 2924 sit.

426 2946 476 2991 In
492 2947 679 3012 Qicheu
691 2945 806 3010 apud
823 2947 1053 3011 Canchoang,
1069 2947 1351 3010 praecipitium
1366 2945 1597 2993 duodecim
1612 2949 1792 3011 perticas
1809 2939 1953 2994 altum.
1981 3001 1986 3004 ,

427 3014 561 3076 Apud
573 3015 733 3081 Kiegan
753 3015 873 3062 fluvii
885 3015 1008 3074 Kan,
1028 3016 1103 3060 ubi
1115 3010 1357 3079 periculosae
1377 3011 1422 3062 8(
1435 3014 1645 3081 naufragae
1655 3034 1779 3084 rupes
1796 3018 2006 3078 Xetapan,

360 3079 481 3143 quod
492 3079 655 3130 decima
670 3082 818 3131 οᾶεινει
837 3084 1068 3150 praecipitia
1078 3082 1287 3148 (totidem
1304 3083 1445 3148 enim)
1461 3083 1660 3151 designat.
1975 3097 1999 3106 ·'

1866 3148 2004 3217 Apud
