2114 3412
325 133 390 194 ad
400 134 539 202 M
540 153 715 219 agnum
728 130 984 194 Tarm-iae
999 139 1223 221 Simque
1243 140 1285 198 C
1282 135 1488 200 hamum
1669 163 1691 208 3
1707 159 1733 202 1

87 242 160 307 qui
177 278 192 300 ,
206 252 356 306 praeter
374 239 588 286 invitantis
608 255 798 296 nomen,
830 238 1048 287 solennem
1067 241 1247 287 vocandi
1276 242 1506 289 formulam
1524 244 1737 303 continet‚

87 312 155 356 cui
188 313 233 356 in
267 322 442 355 externa
470 306 576 354 facie
610 306 948 356 additamentum
981 309 1034 355 ad
1067 308 1200 356 libelli
1225 310 1577 375 longitudinem
1562 331 1585 359 e
1608 312 1739 361 rubea

87 381 205 426 chart
208 398 246 438 ι
264 379 305 423 in
317 395 398 442 qua
416 377 665 423 honoratius
681 394 868 437 nomen,
884 394 983 424 cum
996 379 1119 425 variis
1130 381 1295 425 invitati
1313 397 1394 443 pro
1410 380 1619 445 dignitate
1635 385 1739 430 titu-

88 448 150 508 lis,
165 448 226 495 eit
242 445 431 493 affixum.
466 444 562 510 Ipso
578 448 766 492 convivii
783 446 851 493 die
864 447 977 493 horis
996 449 1212 494 matutinis
1224 447 1327 495 alter
1343 450 1702 499 mittiturlibellus
1719 490 1735 511 ,

90 535 179 582 quo
195 515 414 579 hospitum
433 514 681 579 tempestiva
697 528 871 581 rogatur
884 514 1132 582 piaesentia·
1161 515 1527 582 instantidenique
1548 522 1737 568 convivii

88 586 194 632 hora
209 587 381 631 tertium
390 585 582 642 mittunt3
598 597 645 631 ut
655 584 828 649 hospiti,
842 585 1028 633 eundem
1039 587 1240 632 initinere
1258 587 1516 650 excipienti,
1534 589 1588 634 de
1599 587 1736 636 fercu-

89 653 138 701 lis
152 656 305 719 paratis
321 653 497 702 constet.
531 654 618 701 Ubi
635 652 915 714 advenerunt3
933 655 1114 720 expletis
1130 654 1430 703 salutationum
1446 655 1609 703 ritubus
1626 695 1640 717 ,
1665 655 1737 720 Cia

88 725 132 770 in
148 727 366 789 procaenio
383 724 545 770 bibitur
562 746 574 782 3
611 722 763 770 indein
776 724 913 789 ipsum
923 723 1148 785 conclave,
1173 723 1248 771 ubi
1264 725 1511 772 convivium
1521 741 1739 790 paratum,

89 793 278 857 pidiuris,
288 792 465 840 floribus
476 794 520 838 8(
539 792 638 840 vasis
649 791 868 856 splendide
885 794 1447 854 exornatuimdeducuntur,
1457 796 1501 841 8(
1514 794 1665 861 singuli
1676 797 1740 844 se-

91 863 242 926 paratis
253 862 417 923 mensis,
434 861 595 910 cubitas
610 861 923 928 aliquotlongis
934 862 1111 928 latisque
1121 903 1135 924 ,
1149 863 1440 921 collocantur3
1464 864 1560 929 ipsis
1570 865 1738 914 sedibus

93 931 314 996 pellucido
333 932 409 979 illo
427 931 639 978 bitumine
659 934 719 979 cie
737 950 824 979 non
842 931 1161 997 splendentibus
1185 933 1320 981 solum
1337 968 1350 991 ,
1381 932 1451 980 sed
1473 936 1594 982 variis
1609 938 1738 984 etiam

91 1001 263 1065 pi&uris
291 1004 336 1049 8(
356 1018 460 1047 auro
482 1000 786 1050 condecoratis.
834 1005 950 1049 Ante
968 1004 1293 1049 accubationem
1302 1002 1535 1080 epularem
1557 1006 1740 1054 Paterfa-

91 1069 225 1117 milias
243 1071 443 1134 cyathum
464 1072 568 1115 vino
598 1069 775 1134 plenum
794 1072 998 1117 ambabus
1022 1070 1246 1118 manibus
1235 1073 1435 1136 arripiens
1451 1109 1463 1130 ,
1496 1074 1662 1138 perasta
1685 1075 1740 1122 ad

91 1138 320 1204 hospitem,
336 1141 410 1207 qui
428 1138 861 1204 principemconvivii
883 1139 1177 1199 locumtenet‚
1188 1140 1630 1204 solenniialutatione,
1639 1161 1740 1192 eum

93 1209 135 1254 in
154 1208 364 1257 vestibulo
379 1208 485 1255 sicie
519 1209 656 1255 versus
675 1207 859 1255 austrum
894 1212 1054 1257 Domino
1074 1207 1166 1272 sali
1192 1210 1438 1270 consecrat,
1474 1212 1548 1258 8(
1539 1230 1582 1258 m
1600 1212 1741 1263 solum

93 1275 288 1325 effundit.
323 1277 1187 1342 Salutationerepetitainaulamreverlus,
1202 1278 1413 1344 aliamque
1428 1293 1617 1345 pateram
1634 1284 1741 1330 acci-

93 1349 236 1411 piens,
260 1347 534 1393 inclinatione
555 1348 757 1411 praemissa
775 1347 959 1395 eundem
971 1349 1160 1395 convivii
1177 1351 1416 1416 Principem
1427 1348 1597 1409 salutat
1629 1370 1685 1399 eo
1700 1352 1745 1399 in

95 1417 220 1476 loco,
242 1419 284 1463 in
301 1434 405 1492 quo.
409 1414 635 1462 inlutatorii
658 1418 760 1462 titus
783 1415 977 1464 exhiberi
993 1415 1140 1464 solent.
1174 1418 1293 1464 Tum
1309 1419 1437 1466 unitis
1459 1418 1640 1494 passibus
1658 1422 1746 1486 pri-

94 1488 270 1533 mariam
283 1485 470 1531 convivii
490 1485 706 1545 mensariis
699 1484 1010 1532 inaulaemedio
1021 1484 1159 1545 sitam,
1190 1486 1374 1547 adeunt3
1400 1490 1442 1534 in
1457 1505 1576 1549 cujus
1597 1490 1746 1537 medio

95 1556 348 1602 convivator
361 1594 373 1613 ,
385 1556 529 1618 patera
542 1555 584 1600 in
601 1553 676 1602 suo
694 1553 811 1601 disco
829 1567 1009 1619 utraque
1018 1572 1146 1602 manu
1159 1556 1579 1619 veneranterlocatfi,
1597 1561 1749 1607 convi-

96 1623 208 1672 vales
234 1623 412 1671 bacillos
441 1624 463 1670 ἐι
485 1623 649 1671 famulo
669 1624 844 1688 accipit,
878 1624 940 1671 his
959 1624 1012 1672 ad
1036 1624 1177 1690 cyathi
1197 1624 1304 1672 latus
1323 1624 1549 1691 depositis,
1579 1626 1746 1691 sedem,

96 1710 227 1758 quam
238 1693 408 1741 manicis
419 1694 568 1741 leviter
577 1695 743 1753 everrit,
753 1695 796 1739 in
807 1693 948 1741 medi&
963 1693 1075 1741 locat
1092 1694 1245 1755 mensa,
1256 1695 1371 1743 unde
1385 1697 1429 1742 in
1444 1697 1634 1744 medium
1642 1716 1749 1748 con..

97 1763 214 1811 clave
232 1764 400 1829 regreffi
419 1763 565 1810 denuo
586 1762 777 1811 solennes
795 1763 1086 1812 inclinationes
1109 1778 1319 1831 peragunt
1340 1785 1350 1811 :
1378 1764 1526 1813 iisdem
1544 1784 1748 1816 caeremo-

97 1832 177 1879 niis
198 1832 349 1897 hospes
362 1831 540 1898 singulas
555 1835 754 1880 convivas
766 1832 918 1880 ordine
940 1836 1115 1913 excipit·
1153 1833 1348 1912 Expletis
1364 1834 1427 1882 his
1436 1835 1587 1884 ritibus
1596 1855 1747 1886 omnes

97 1901 283 1949 confidet
273 1916 341 1960 ·,·it
359 1901 524 1949 famulis
540 1902 779 1949 domesticis
798 1902 1028 1966 epulorum
1046 1905 1231 1969 principi
1251 1903 1428 1983 hospitis
1437 1919 1628 1983 pateram
1647 1925 1747 1954 cum

98 1970 175 2018 suo
190 1971 306 2018 disco
316 1969 609 2031 offerentibus,
624 1989 709 2036 qua
719 1974 824 2018 vino
842 1972 1003 2036 repleta
1016 1990 1164 2020 omnes
1175 1977 1366 2021 convivae
1382 1977 1539 2039 pariter
1552 1993 1650 2023 cum
1665 1976 1748 2023 ho-

99 2039 205 2106 spite
224 2041 386 2088 solenni
404 2040 658 2089 inclinantur
676 2042 771 2091 ritu.
808 2042 866 2087 Et
882 2040 1010 2089 illotis
1028 2041 1221 2090 manibus
1225 2045 1350 2106 ,quia
1368 2043 1488 2091 cibos
1498 2044 1643 2111 digitis
1659 2063 1749 2093 non

100 2122 304 2173 tangunt,
328 2110 380 2156 ad
405 2110 590 2158 mensam
609 2111 685 2157 suo
705 2113 887 2175 quisque
915 2110 1016 2158 loco
1039 2113 1107 2158 aff
1112 2112 1197 2159 det
1236 2116 1419 2178 Propter
1440 2114 1582 2162 edulia
1604 2115 1749 2180 digitis

101 2179 336 2256 attingendi
353 2179 700 2239 desuetudinem,
735 2182 842 2228 Sinae
865 2196 1010 2227 manus
1027 2200 1168 2247 neque
1188 2183 1312 2229 initio
1328 2200 1468 2248 neque
1479 2184 1522 2229 in
1538 2181 1626 2230 fine
1641 2202 1746 2231 con-

103 2248 210 2294 ivvii
244 2247 384 2294 lavant
458 2251 831 2314 Qotiescumque
853 2247 1095 2297 bibendum
1119 2288 1131 2310 ,
1171 2252 1202 2296 is
1228 2286 1240 2308 ,
1273 2253 1348 2314 qui
1377 2251 1562 2316 hospites
1591 2252 1745 2299 invita-

103 2318 166 2362 vit
189 2316 395 2382 scyphum
412 2331 591 2382 utraque
608 2335 734 2364 manu
760 2316 854 2365 orbi
875 2317 1127 2381 impositum
1150 2317 1310 2376 elevat,
1351 2322 1395 2366 8(
1419 2334 1592 2367 caeteros
1610 2320 1662 2367 ad
1677 2319 1744 2368 bi-

103 2383 294 2433 bendum
314 2387 519 2434 hortatur.
557 2388 620 2432 Ita
636 2385 756 2434 siinul
767 2384 1027 2434 sorbillando
1042 2386 1196 2434 bibunt
1207 2389 1251 2434 8(
1264 2387 1376 2435 lente
1393 2389 1551 2454 pocula
1569 2388 1639 2435 sua
1649 2407 1745 2438 eva-

105 2469 242 2506 cuant
289 2455 376 2503 Ubi
396 2459 555 2521 primus
574 2456 794 2503 cantharus
815 2454 1061 2515 exhaustus,
1071 2456 1156 2502 cibi
1174 2455 1425 2518 inseruntur,
1435 2459 1481 2517 &
1497 2458 1658 2506 bacillis
1679 2461 1745 2506 ori

106 2522 160 2570 ab
170 2525 368 2573 omnibus
377 2525 499 2573 simul
518 2525 802 2573 admoventur
812 2542 948 2589 ‚quos
964 2542 1095 2573 nemo
1113 2540 1210 2573 ante
1211 2497 1554 2594 ζ)ἀ6Ροιιἰι,(ιιιειιῐι
1574 2528 1746 2592 ille,qu1

107 2593 290 2658 primum
309 2596 453 2643 locum
477 2594 714 2653 obtinet,id
732 2595 890 2643 fecerit.
925 2593 1011 2641 Illis
1033 2595 1226 2661 repositis
1243 2594 1379 2644 statim
1396 2597 1543 2645 famuli
1559 2595 1747 2646 calidum

110 2662 258 2709 vinum
282 2663 546 2731 singulorum
564 2663 727 2729 scyphis
744 2662 988 2711 infundunt.
1032 2666 1277 2725 Sermones,
1307 2684 1397 2714 non
1418 2666 1493 2714 nisi
1510 2665 1680 2726 hilares,
1698 2669 1746 2716 8(

109 2730 261 2809 sponte
270 2733 417 2783 adsunt
427 2734 635 2782 Comoedi
648 2735 693 2780 8(
713 2732 863 2781 Mus
818 2750 866 2780 ci
871 2731 1161 2813 ,quiholpites
1177 2703 1425 2783 exhilarant.
1459 2734 1596 2783 Cibos
1607 2737 1746 2784 omnis

112 2802 272 2864 generis
288 2803 465 2869 opipare
475 2818 727 2870 praeparatos
746 2771 930 2862 haberit,
950 2805 995 2850 8(
1014 2807 1150 2867 parvis
1162 2803 1339 2851 scutellis
1352 2805 1746 2871 mensaeimponunt

111 2881 225 2914 tanta
242 2873 364 2935 copia
376 2912 391 2933 ,
424 2888 473 2921 ut
486 2873 613 2922 strues
631 2875 677 2921 ἃ
708 2871 873 2921 castella
904 2871 1209 2936 repraesentent.
1257 2872 1388 2921 Pisces
1421 2892 1519 2923 cum
1550 2874 1744 2922 carnibus

113 2936 283 2985 mixtim
300 2956 505 3006 coquunt.
538 2944 659 2992 Nihil
683 2943 738 2990 de
757 2943 895 2990 mensa
913 2941 1088 2988 dulante
1104 2943 1308 2989 convivio
1322 2945 1518 2995 aufertur.
1555 2947 1664 2992 Pane
1675 2958 1748 2993 aut

114 3022 243 3069 oryza
259 3025 348 3055 non
357 3025 562 3071 utuntur,
594 3012 669 3061 nisi
684 3013 823 3060 forte
815 3029 857 3059 ιιι
870 3011 1291 3078 parvisconviviis‚&
1304 3011 1333 3059 fi
1322 3030 1471 3079 1oryza
1486 3028 1750 3081 apponatur,

115 3075 262 3122 vinum
279 3096 370 3127 non
388 3079 642 3146 praelibant‚
673 3083 743 3131 ied
770 3080 868 3147 post
893 3080 1155 3146 degustatam
1183 3081 1357 3131 demum
1373 3102 1546 3150 oryzam
1578 3082 1748 3130 bibunt.

1575 3153 1754 3197 Certant
