<?xml version="1.0" encoding="UTF-8"?>
<!DOCTYPE html PUBLIC "-//W3C//DTD XHTML 1.0 Transitional//EN"
    "http://www.w3.org/TR/xhtml1/DTD/xhtml1-transitional.dtd">
<html xmlns="http://www.w3.org/1999/xhtml" xml:lang="en" lang="en">
 <head>
  <title>
</title>
<meta http-equiv="Content-Type" content="text/html;charset=utf-8" />
  <meta name='ocr-system' content='tesseract 3.04.00' />
  <meta name='ocr-capabilities' content='ocr_page ocr_carea ocr_par ocr_line ocrx_word'/>
</head>
<body>
  <div class='ocr_page' id='page_1' title='image "./legatiobatavicaa00nieu_0301.png"; bbox 0 0 2114 3412; ppageno 0'>
   <div class='ocr_carea' id='block_1_1' title="bbox 336 123 1746 214">
    <p class='ocr_par' dir='ltr' id='par_1_1' title="bbox 336 123 1746 214">
     <span class='ocr_line' id='line_1_1' title="bbox 336 123 1746 214; baseline 0.006 -26"><span class='ocrx_word' id='word_1_1' title='bbox 336 125 403 188; x_wconf 83' lang='lat' dir='ltr'>ad</span> <span class='ocrx_word' id='word_1_2' title='bbox 412 127 550 195; x_wconf 61' lang='lat' dir='ltr'><em>M</em></span> <span class='ocrx_word' id='word_1_3' title='bbox 552 148 727 212; x_wconf 77' lang='lat' dir='ltr'>agnum</span> <span class='ocrx_word' id='word_1_4' title='bbox 741 123 998 187; x_wconf 68' lang='lat' dir='ltr'>Tartariae</span> <span class='ocrx_word' id='word_1_5' title='bbox 1014 130 1237 214; x_wconf 79' lang='lat' dir='ltr'>Sinaeque</span> <span class='ocrx_word' id='word_1_6' title='bbox 1257 133 1300 192; x_wconf 88' lang='lat' dir='ltr'><em>C</em></span> <span class='ocrx_word' id='word_1_7' title='bbox 1297 129 1505 195; x_wconf 73' lang='lat' dir='ltr'>hamum.</span> <span class='ocrx_word' id='word_1_8' title='bbox 1684 158 1708 204; x_wconf 86' lang='lat'>3</span> <span class='ocrx_word' id='word_1_9' title='bbox 1724 161 1746 211; x_wconf 80' lang='lat'>5</span> 
     </span>
    </p>
   </div>
   <div class='ocr_carea' id='block_1_2' title="bbox 93 230 1767 577">
    <p class='ocr_par' dir='ltr' id='par_1_2' title="bbox 93 230 1767 577">
     <span class='ocr_line' id='line_1_2' title="bbox 97 230 1767 304; baseline 0.001 -20"><span class='ocrx_word' id='word_1_10' title='bbox 97 234 275 287; x_wconf 87' lang='lat' dir='ltr'>moedias</span> <span class='ocrx_word' id='word_1_11' title='bbox 306 236 352 282; x_wconf 89' lang='grc'>8(</span> <span class='ocrx_word' id='word_1_12' title='bbox 378 234 552 281; x_wconf 83' lang='lat' dir='ltr'>choreas</span> <span class='ocrx_word' id='word_1_13' title='bbox 577 230 681 280; x_wconf 87' lang='lat' dir='ltr'>festa</span> <span class='ocrx_word' id='word_1_14' title='bbox 712 232 923 281; x_wconf 82' lang='lat' dir='ltr'>hilaritate</span> <span class='ocrx_word' id='word_1_15' title='bbox 946 236 992 283; x_wconf 84' lang='grc'>8(</span> <span class='ocrx_word' id='word_1_16' title='bbox 1023 234 1250 302; x_wconf 82' lang='lat' dir='ltr'>magnifica</span> <span class='ocrx_word' id='word_1_17' title='bbox 1272 255 1435 304; x_wconf 86' lang='lat' dir='ltr'>pompa</span> <span class='ocrx_word' id='word_1_18' title='bbox 1468 237 1767 288; x_wconf 41' lang='lat' dir='ltr'>celebranturs</span> 
     </span>
     <span class='ocr_line' id='line_1_3' title="bbox 99 300 1749 376; baseline 0.003 -22"><span class='ocrx_word' id='word_1_19' title='bbox 99 303 268 355; x_wconf 81' lang='lat' dir='ltr'>Postera</span> <span class='ocrx_word' id='word_1_20' title='bbox 286 304 357 351; x_wconf 88' lang='lat' dir='ltr'>die</span> <span class='ocrx_word' id='word_1_21' title='bbox 369 302 527 368; x_wconf 82' lang='lat' dir='ltr'>Sponsa</span> <span class='ocrx_word' id='word_1_22' title='bbox 549 300 730 348; x_wconf 87' lang='lat' dir='ltr'>domum</span> <span class='ocrx_word' id='word_1_23' title='bbox 755 302 906 367; x_wconf 83' lang='lat' dir='ltr'>Sponsi</span> <span class='ocrx_word' id='word_1_24' title='bbox 931 304 954 350; x_wconf 75' lang='lat' dir='ltr'>a</span> <span class='ocrx_word' id='word_1_25' title='bbox 979 307 1170 369; x_wconf 84' lang='lat' dir='ltr'>cognatis</span> <span class='ocrx_word' id='word_1_26' title='bbox 1181 304 1430 369; x_wconf 80' lang='lat' dir='ltr'>deducitur,</span> <span class='ocrx_word' id='word_1_27' title='bbox 1461 308 1749 376; x_wconf 64' lang='lat' dir='ltr'>praeeuntibus</span> 
     </span>
     <span class='ocr_line' id='line_1_4' title="bbox 96 371 1748 438; baseline 0.004 -15"><span class='ocrx_word' id='word_1_28' title='bbox 96 374 269 424; x_wconf 82' lang='lat' dir='ltr'>Muficis</span> <span class='ocrx_word' id='word_1_29' title='bbox 285 376 330 421; x_wconf 87' lang='grc'>8(</span> <span class='ocrx_word' id='word_1_30' title='bbox 353 371 453 421; x_wconf 85' lang='lat' dir='ltr'>festa</span> <span class='ocrx_word' id='word_1_31' title='bbox 469 373 625 437; x_wconf 91' lang='lat' dir='ltr'>populi</span> <span class='ocrx_word' id='word_1_32' title='bbox 650 371 966 420; x_wconf 78' lang='lat' dir='ltr'>acclamatione.</span> <span class='ocrx_word' id='word_1_33' title='bbox 1000 373 1143 420; x_wconf 88' lang='lat' dir='ltr'>Vidua</span> <span class='ocrx_word' id='word_1_34' title='bbox 1160 373 1192 422; x_wconf 87' lang='lat' dir='ltr'>fi</span> <span class='ocrx_word' id='word_1_35' title='bbox 1208 374 1354 423; x_wconf 88' lang='lat' dir='ltr'>denuo</span> <span class='ocrx_word' id='word_1_36' title='bbox 1370 379 1526 438; x_wconf 82' lang='lat' dir='ltr'>nubat,</span> <span class='ocrx_word' id='word_1_37' title='bbox 1559 397 1583 426; x_wconf 88' lang='lat' dir='ltr'>a</span> <span class='ocrx_word' id='word_1_38' title='bbox 1605 379 1748 429; x_wconf 87' lang='lat' dir='ltr'>liberis</span> 
     </span>
     <span class='ocr_line' id='line_1_5' title="bbox 93 441 1746 509; baseline 0.005 -19"><span class='ocrx_word' id='word_1_39' title='bbox 93 446 217 491; x_wconf 81' lang='lat' dir='ltr'>unica</span> <span class='ocrx_word' id='word_1_40' title='bbox 233 442 344 491; x_wconf 87' lang='lat' dir='ltr'>veste</span> <span class='ocrx_word' id='word_1_41' title='bbox 359 443 493 490; x_wconf 88' lang='lat' dir='ltr'>domo</span> <span class='ocrx_word' id='word_1_42' title='bbox 503 441 675 507; x_wconf 77' lang='lat' dir='ltr'>pellitur</span> <span class='ocrx_word' id='word_1_43' title='bbox 691 479 704 502; x_wconf 82' lang='lat'>,</span> <span class='ocrx_word' id='word_1_44' title='bbox 736 459 833 489; x_wconf 90' lang='lat' dir='ltr'>nam</span> <span class='ocrx_word' id='word_1_45' title='bbox 851 444 1021 490; x_wconf 86' lang='lat' dir='ltr'>vitricos</span> <span class='ocrx_word' id='word_1_46' title='bbox 1037 443 1176 491; x_wconf 89' lang='lat' dir='ltr'>nullos</span> <span class='ocrx_word' id='word_1_47' title='bbox 1193 444 1378 509; x_wconf 89' lang='lat' dir='ltr'>perferre</span> <span class='ocrx_word' id='word_1_48' title='bbox 1391 485 1403 507; x_wconf 79' lang='lat'>‚</span> <span class='ocrx_word' id='word_1_49' title='bbox 1417 463 1488 497; x_wconf 90' lang='lat' dir='ltr'>aut</span> <span class='ocrx_word' id='word_1_50' title='bbox 1509 451 1555 496; x_wconf 90' lang='lat' dir='ltr'>iis</span> <span class='ocrx_word' id='word_1_51' title='bbox 1568 449 1746 499; x_wconf 85' lang='lat' dir='ltr'>obedire</span> 
     </span>
     <span class='ocr_line' id='line_1_6' title="bbox 96 510 1410 577; baseline 0.004 -17"><span class='ocrx_word' id='word_1_52' title='bbox 96 512 259 562; x_wconf 88' lang='lat' dir='ltr'>volunt.</span> <span class='ocrx_word' id='word_1_53' title='bbox 297 511 425 559; x_wconf 86' lang='lat' dir='ltr'><strong>Unde</strong></span> <span class='ocrx_word' id='word_1_54' title='bbox 440 529 535 559; x_wconf 90' lang='lat' dir='ltr'>raro</span> <span class='ocrx_word' id='word_1_55' title='bbox 549 510 604 558; x_wconf 88' lang='lat' dir='ltr'>ad</span> <span class='ocrx_word' id='word_1_56' title='bbox 619 510 817 560; x_wconf 85' lang='lat' dir='ltr'>secundas</span> <span class='ocrx_word' id='word_1_57' title='bbox 831 513 999 577; x_wconf 82' lang='lat' dir='ltr'>nuptias</span> <span class='ocrx_word' id='word_1_58' title='bbox 1016 512 1167 560; x_wconf 80' lang='lat' dir='ltr'>Viduae</span> <span class='ocrx_word' id='word_1_59' title='bbox 1183 514 1410 565; x_wconf 84' lang='lat' dir='ltr'>transeunt.</span> 
     </span>
    </p>
   </div>
   <div class='ocr_carea' id='block_1_3' title="bbox 92 702 1696 721">
    <p class='ocr_par' dir='ltr' id='par_1_3' title="bbox 92 702 1696 721">
     <span class='ocr_line' id='line_1_7' title="bbox 92 702 1696 721; baseline 0 2691"><span class='ocrx_word' id='word_1_60' title='bbox 92 702 1696 721; x_wconf 95' lang='lat' dir='ltr'> </span> 
     </span>
    </p>
   </div>
   <div class='ocr_carea' id='block_1_4' title="bbox 178 846 1648 1123">
    <p class='ocr_par' dir='ltr' id='par_1_4' title="bbox 178 846 1669 1123">
     <span class='ocr_line' id='line_1_8' title="bbox 339 846 1505 942; baseline 0.004 -18"><span class='ocrx_word' id='word_1_61' title='bbox 339 846 763 928; x_wconf 81' lang='lat' dir='ltr'>CAPUT</span> <span class='ocrx_word' id='word_1_62' title='bbox 863 849 1505 942; x_wconf 55' lang='lat' dir='ltr'><strong>QJINTUM(</strong></span> 
     </span>
     <span class='ocr_line' id='line_1_9' title="bbox 178 1013 1648 1123; baseline 0.005 -29"><span class='ocrx_word' id='word_1_63' title='bbox 178 1016 305 1094; x_wconf 77' lang='lat' dir='ltr'>De</span> <span class='ocrx_word' id='word_1_64' title='bbox 334 1013 682 1121; x_wconf 59' lang='lat' dir='ltr'>Exeqma</span> <span class='ocrx_word' id='word_1_65' title='bbox 706 1017 791 1097; x_wconf 68' lang='lat'>&amp;⁹</span> <span class='ocrx_word' id='word_1_66' title='bbox 814 1015 1211 1123; x_wconf 52' lang='lat' dir='ltr'>Sepultura</span> <span class='ocrx_word' id='word_1_67' title='bbox 1235 1015 1648 1117; x_wconf 64' lang='lat' dir='ltr'>Sinefflum.</span> 
     </span>
    </p>
   </div>
   <div class='ocr_carea' id='block_1_5' title="bbox 66 1208 1890 3208">
    <p class='ocr_par' dir='ltr' id='par_1_5' title="bbox 80 1208 1890 1469">
     <span class='ocr_line' id='line_1_10' title="bbox 96 1208 1859 1287; baseline 0.005 -30"><span class='ocrx_word' id='word_1_68' title='bbox 96 1255 110 1267; x_wconf 27' lang='grc' dir='ltr'>μ</span> <span class='ocrx_word' id='word_1_69' title='bbox 236 1240 244 1274; x_wconf 59' lang='lat'>,1</span> <span class='ocrx_word' id='word_1_70' title='bbox 262 1209 440 1277; x_wconf 78' lang='lat' dir='ltr'>uspiam</span> <span class='ocrx_word' id='word_1_71' title='bbox 455 1208 661 1270; x_wconf 65' lang='lat' dir='ltr'>emffior,</span> <span class='ocrx_word' id='word_1_72' title='bbox 678 1227 808 1276; x_wconf 90' lang='lat' dir='ltr'>quarn</span> <span class='ocrx_word' id='word_1_73' title='bbox 826 1208 942 1276; x_wconf 89' lang='lat' dir='ltr'>apud</span> <span class='ocrx_word' id='word_1_74' title='bbox 959 1209 1162 1273; x_wconf 78' lang='lat' dir='ltr'>Sinenses,</span> <span class='ocrx_word' id='word_1_75' title='bbox 1170 1210 1391 1279; x_wconf 69' lang='lat' dir='ltr'>sepultura:</span> <span class='ocrx_word' id='word_1_76' title='bbox 1406 1215 1515 1261; x_wconf 86' lang='lat' dir='ltr'>ratio</span> <span class='ocrx_word' id='word_1_77' title='bbox 1534 1214 1738 1277; x_wconf 76' lang='lat' dir='ltr'>habetur,</span> <span class='ocrx_word' id='word_1_78' title='bbox 1774 1254 1859 1287; x_wconf 47' lang='lat' dir='ltr'>fixe-⁷</span> 
     </span>
     <span class='ocr_line' id='line_1_11' title="bbox 91 1266 1890 1346; baseline 0.004 -19"><span class='ocrx_word' id='word_1_79' title='bbox 91 1271 110 1305; x_wconf 40' lang='grc' dir='ltr'>ὃ</span> <span class='ocrx_word' id='word_1_80' title='bbox 160 1266 173 1327; x_wconf 52' lang='grc'>”«</span> <span class='ocrx_word' id='word_1_81' title='bbox 195 1303 213 1332; x_wconf 64' lang='lat' dir='ltr'>&lt;a</span> <span class='ocrx_word' id='word_1_82' title='bbox 232 1276 245 1318; x_wconf 83' lang='lat'>‘-</span> <span class='ocrx_word' id='word_1_83' title='bbox 262 1283 307 1328; x_wconf 89' lang='lat'>&amp;</span> <span class='ocrx_word' id='word_1_84' title='bbox 319 1297 413 1327; x_wconf 90' lang='lat' dir='ltr'>eam</span> <span class='ocrx_word' id='word_1_85' title='bbox 423 1281 499 1327; x_wconf 87' lang='lat' dir='ltr'>diu</span> <span class='ocrx_word' id='word_1_86' title='bbox 515 1292 637 1340; x_wconf 80' lang='lat' dir='ltr'>ante,</span> <span class='ocrx_word' id='word_1_87' title='bbox 659 1280 763 1327; x_wconf 87' lang='lat' dir='ltr'>dum</span> <span class='ocrx_word' id='word_1_88' title='bbox 773 1280 936 1339; x_wconf 79' lang='lat' dir='ltr'>valent,</span> <span class='ocrx_word' id='word_1_89' title='bbox 957 1280 1234 1329; x_wconf 85' lang='lat' dir='ltr'>constituunt.</span> <span class='ocrx_word' id='word_1_90' title='bbox 1268 1283 1478 1346; x_wconf 82' lang='lat' dir='ltr'>Imprimis</span> <span class='ocrx_word' id='word_1_91' title='bbox 1491 1300 1594 1331; x_wconf 89' lang='lat' dir='ltr'>vero</span> <span class='ocrx_word' id='word_1_92' title='bbox 1615 1284 1737 1334; x_wconf 89' lang='lat' dir='ltr'>locu·-</span> <span class='ocrx_word' id='word_1_93' title='bbox 1754 1298 1890 1343; x_wconf 60' lang='lat' dir='ltr'>quiscum</span> 
     </span>
     <span class='ocr_line' id='line_1_12' title="bbox 205 1347 1838 1420; baseline 0.006 -23"><span class='ocrx_word' id='word_1_94' title='bbox 205 1348 214 1365; x_wconf 72' lang='grc'><strong>”</strong></span> <span class='ocrx_word' id='word_1_95' title='bbox 263 1363 343 1409; x_wconf 81' lang='lat' dir='ltr'>tus,</span> <span class='ocrx_word' id='word_1_96' title='bbox 356 1349 547 1398; x_wconf 88' lang='lat' dir='ltr'>cadaveri</span> <span class='ocrx_word' id='word_1_97' title='bbox 562 1350 690 1397; x_wconf 90' lang='lat' dir='ltr'>etiam</span> <span class='ocrx_word' id='word_1_98' title='bbox 703 1349 826 1397; x_wconf 88' lang='lat' dir='ltr'>bimo</span> <span class='ocrx_word' id='word_1_99' title='bbox 840 1350 1104 1416; x_wconf 77' lang='lat' dir='ltr'>recipiendo,</span> <span class='ocrx_word' id='word_1_100' title='bbox 1112 1368 1168 1398; x_wconf 85' lang='lat' dir='ltr'>ex</span> <span class='ocrx_word' id='word_1_101' title='bbox 1178 1349 1478 1417; x_wconf 84' lang='lat' dir='ltr'>pretiofissimis</span> <span class='ocrx_word' id='word_1_102' title='bbox 1494 1351 1619 1420; x_wconf 81' lang='lat' dir='ltr'>lignis</span> <span class='ocrx_word' id='word_1_103' title='bbox 1629 1373 1738 1406; x_wconf 83' lang='lat' dir='ltr'>con-</span> <span class='ocrx_word' id='word_1_104' title='bbox 1754 1347 1838 1372; x_wconf 58' lang='lat'>‘¹¹⁹⁵’</span> 
     </span>
     <span class='ocr_line' id='line_1_13' title="bbox 80 1421 237 1469; baseline -0.019 0"><span class='ocrx_word' id='word_1_105' title='bbox 80 1421 237 1469; x_wconf 85' lang='lat' dir='ltr'>ficitur.</span> 
     </span>
    </p>

    <p class='ocr_par' dir='ltr' id='par_1_6' title="bbox 145 1486 1730 1561">
     <span class='ocr_line' id='line_1_14' title="bbox 145 1486 1730 1561; baseline 0.004 -24"><span class='ocrx_word' id='word_1_106' title='bbox 145 1486 439 1537; x_wconf 84' lang='lat' dir='ltr'>Moribundus</span> <span class='ocrx_word' id='word_1_107' title='bbox 453 1487 599 1537; x_wconf 76' lang='lat' dir='ltr'>storeae</span> <span class='ocrx_word' id='word_1_108' title='bbox 608 1489 850 1554; x_wconf 87' lang='lat' dir='ltr'>imponitur</span> <span class='ocrx_word' id='word_1_109' title='bbox 866 1501 987 1537; x_wconf 82' lang='lat' dir='ltr'>extra</span> <span class='ocrx_word' id='word_1_110' title='bbox 1000 1487 1138 1538; x_wconf 89' lang='lat' dir='ltr'>aulam</span> <span class='ocrx_word' id='word_1_111' title='bbox 1152 1513 1165 1550; x_wconf 80' lang='lat'>3</span> <span class='ocrx_word' id='word_1_112' title='bbox 1186 1506 1431 1556; x_wconf 82' lang='lat' dir='ltr'>quanquam</span> <span class='ocrx_word' id='word_1_113' title='bbox 1449 1492 1672 1561; x_wconf 86' lang='lat' dir='ltr'>Magnates</span> <span class='ocrx_word' id='word_1_114' title='bbox 1685 1498 1730 1545; x_wconf 91' lang='lat' dir='ltr'>in</span> 
     </span>
    </p>

    <p class='ocr_par' dir='ltr' id='par_1_7' title="bbox 67 1556 1733 2460">
     <span class='ocr_line' id='line_1_15' title="bbox 78 1556 1732 1630; baseline 0.005 -24"><span class='ocrx_word' id='word_1_115' title='bbox 78 1558 193 1607; x_wconf 69' lang='lat' dir='ltr'>leffis</span> <span class='ocrx_word' id='word_1_116' title='bbox 207 1561 389 1605; x_wconf 85' lang='lat' dir='ltr'>animam</span> <span class='ocrx_word' id='word_1_117' title='bbox 413 1557 627 1607; x_wconf 83' lang='lat' dir='ltr'>exhalent.</span> <span class='ocrx_word' id='word_1_118' title='bbox 668 1560 782 1608; x_wconf 84' lang='lat' dir='ltr'>Inter</span> <span class='ocrx_word' id='word_1_119' title='bbox 814 1573 1005 1608; x_wconf 87' lang='lat' dir='ltr'>extrema</span> <span class='ocrx_word' id='word_1_120' title='bbox 1018 1559 1157 1622; x_wconf 82' lang='lat' dir='ltr'>major</span> <span class='ocrx_word' id='word_1_121' title='bbox 1181 1573 1285 1609; x_wconf 86' lang='lat' dir='ltr'>natu</span> <span class='ocrx_word' id='word_1_122' title='bbox 1319 1556 1435 1608; x_wconf 88' lang='lat' dir='ltr'>filius</span> <span class='ocrx_word' id='word_1_123' title='bbox 1454 1562 1574 1628; x_wconf 91' lang='lat' dir='ltr'>pileo</span> <span class='ocrx_word' id='word_1_124' title='bbox 1600 1567 1732 1630; x_wconf 86' lang='lat' dir='ltr'>capiti</span> 
     </span>
     <span class='ocr_line' id='line_1_16' title="bbox 77 1626 1731 1698; baseline 0.004 -22"><span class='ocrx_word' id='word_1_125' title='bbox 77 1642 255 1695; x_wconf 88' lang='lat' dir='ltr'>repente</span> <span class='ocrx_word' id='word_1_126' title='bbox 273 1626 464 1675; x_wconf 61' lang='lat' dir='ltr'>detracto</span> <span class='ocrx_word' id='word_1_127' title='bbox 482 1665 495 1688; x_wconf 79' lang='lat'>,</span> <span class='ocrx_word' id='word_1_128' title='bbox 528 1628 648 1692; x_wconf 85' lang='lat' dir='ltr'>paffis</span> <span class='ocrx_word' id='word_1_129' title='bbox 669 1628 830 1694; x_wconf 84' lang='lat' dir='ltr'>capillis</span> <span class='ocrx_word' id='word_1_130' title='bbox 845 1628 899 1676; x_wconf 94' lang='lat' dir='ltr'>de</span> <span class='ocrx_word' id='word_1_131' title='bbox 916 1627 1029 1677; x_wconf 51' lang='lat' dir='ltr'>letio</span> <span class='ocrx_word' id='word_1_132' title='bbox 1047 1629 1195 1694; x_wconf 86' lang='lat' dir='ltr'>siparia</span> <span class='ocrx_word' id='word_1_133' title='bbox 1213 1630 1260 1677; x_wconf 87' lang='grc'>8(</span> <span class='ocrx_word' id='word_1_134' title='bbox 1274 1629 1447 1678; x_wconf 87' lang='lat' dir='ltr'>velabra</span> <span class='ocrx_word' id='word_1_135' title='bbox 1471 1631 1620 1698; x_wconf 87' lang='lat' dir='ltr'>diripit</span> <span class='ocrx_word' id='word_1_136' title='bbox 1636 1671 1649 1694; x_wconf 82' lang='lat'>‚</span> <span class='ocrx_word' id='word_1_137' title='bbox 1681 1636 1731 1683; x_wconf 89' lang='grc'>8(</span> 
     </span>
     <span class='ocr_line' id='line_1_17' title="bbox 76 1697 1733 1763; baseline 0.005 -19"><span class='ocrx_word' id='word_1_138' title='bbox 76 1698 127 1745; x_wconf 86' lang='lat' dir='ltr'>:iis</span> <span class='ocrx_word' id='word_1_139' title='bbox 143 1710 363 1745; x_wconf 90' lang='lat' dir='ltr'>mortuum</span> <span class='ocrx_word' id='word_1_140' title='bbox 382 1699 501 1763; x_wconf 85' lang='lat' dir='ltr'>tegit.</span> <span class='ocrx_word' id='word_1_141' title='bbox 540 1697 736 1746; x_wconf 81' lang='lat' dir='ltr'>Cadaver</span> <span class='ocrx_word' id='word_1_142' title='bbox 751 1698 871 1746; x_wconf 90' lang='lat' dir='ltr'>virile</span> <span class='ocrx_word' id='word_1_143' title='bbox 883 1698 1332 1759; x_wconf 77' lang='lat' dir='ltr'>aviris‚foemineuma</span> <span class='ocrx_word' id='word_1_144' title='bbox 1348 1699 1599 1750; x_wconf 88' lang='lat' dir='ltr'>mulieribus</span> <span class='ocrx_word' id='word_1_145' title='bbox 1617 1702 1733 1752; x_wconf 45' lang='lat' dir='ltr'>lava-1</span> 
     </span>
     <span class='ocr_line' id='line_1_18' title="bbox 76 1765 1731 1835; baseline 0.004 -20"><span class='ocrx_word' id='word_1_146' title='bbox 76 1780 166 1815; x_wconf 89' lang='lat' dir='ltr'>tur:</span> <span class='ocrx_word' id='word_1_147' title='bbox 188 1766 328 1815; x_wconf 87' lang='lat' dir='ltr'>lotum</span> <span class='ocrx_word' id='word_1_148' title='bbox 337 1765 504 1814; x_wconf 85' lang='lat' dir='ltr'>sindoni</span> <span class='ocrx_word' id='word_1_149' title='bbox 517 1805 530 1825; x_wconf 87' lang='lat'><em>‚</em></span> <span class='ocrx_word' id='word_1_150' title='bbox 550 1780 622 1814; x_wconf 88' lang='lat' dir='ltr'>aut</span> <span class='ocrx_word' id='word_1_151' title='bbox 633 1766 764 1815; x_wconf 90' lang='lat' dir='ltr'>serico</span> <span class='ocrx_word' id='word_1_152' title='bbox 775 1766 1024 1818; x_wconf 87' lang='lat' dir='ltr'>involvitur.</span> <span class='ocrx_word' id='word_1_153' title='bbox 1059 1768 1221 1833; x_wconf 87' lang='lat' dir='ltr'>Aliqua</span> <span class='ocrx_word' id='word_1_154' title='bbox 1231 1770 1354 1819; x_wconf 88' lang='lat' dir='ltr'>novis</span> <span class='ocrx_word' id='word_1_155' title='bbox 1372 1770 1521 1819; x_wconf 86' lang='lat' dir='ltr'>induta</span> <span class='ocrx_word' id='word_1_156' title='bbox 1530 1771 1731 1835; x_wconf 87' lang='lat' dir='ltr'>vestibus,</span> 
     </span>
     <span class='ocr_line' id='line_1_19' title="bbox 74 1835 1730 1907; baseline 0.005 -24"><span class='ocrx_word' id='word_1_157' title='bbox 74 1835 305 1903; x_wconf 80' lang='lat' dir='ltr'>postquam</span> <span class='ocrx_word' id='word_1_158' title='bbox 317 1835 594 1884; x_wconf 87' lang='lat' dir='ltr'>Aromatibus</span> <span class='ocrx_word' id='word_1_159' title='bbox 620 1837 715 1883; x_wconf 83' lang='lat' dir='ltr'>sunt</span> <span class='ocrx_word' id='word_1_160' title='bbox 737 1836 901 1885; x_wconf 85' lang='lat' dir='ltr'>differta</span> <span class='ocrx_word' id='word_1_161' title='bbox 919 1835 1067 1904; x_wconf 78' lang='lat' dir='ltr'>(quod</span> <span class='ocrx_word' id='word_1_162' title='bbox 1081 1839 1191 1885; x_wconf 89' lang='lat' dir='ltr'>inter</span> <span class='ocrx_word' id='word_1_163' title='bbox 1206 1840 1431 1905; x_wconf 82' lang='lat' dir='ltr'>Magnates</span> <span class='ocrx_word' id='word_1_164' title='bbox 1442 1841 1560 1907; x_wconf 71' lang='lat' dir='ltr'>usui)</span> <span class='ocrx_word' id='word_1_165' title='bbox 1579 1843 1730 1893; x_wconf 71' lang='lat' dir='ltr'>mensae</span> 
     </span>
     <span class='ocr_line' id='line_1_20' title="bbox 73 1904 1727 1973; baseline 0.004 -20"><span class='ocrx_word' id='word_1_166' title='bbox 73 1908 262 1973; x_wconf 86' lang='lat' dir='ltr'>opiparis</span> <span class='ocrx_word' id='word_1_167' title='bbox 283 1904 386 1952; x_wconf 87' lang='lat' dir='ltr'>cibis</span> <span class='ocrx_word' id='word_1_168' title='bbox 403 1904 612 1955; x_wconf 48' lang='lat' dir='ltr'>instrue&amp;</span> <span class='ocrx_word' id='word_1_169' title='bbox 638 1919 895 1971; x_wconf 80' lang='lat' dir='ltr'>apponunt,</span> <span class='ocrx_word' id='word_1_170' title='bbox 931 1908 1138 1973; x_wconf 87' lang='lat' dir='ltr'>primariis</span> <span class='ocrx_word' id='word_1_171' title='bbox 1162 1909 1400 1958; x_wconf 88' lang='lat' dir='ltr'>amicorum</span> <span class='ocrx_word' id='word_1_172' title='bbox 1432 1925 1654 1960; x_wconf 90' lang='lat' dir='ltr'>mortuum</span> <span class='ocrx_word' id='word_1_173' title='bbox 1672 1911 1727 1960; x_wconf 89' lang='lat' dir='ltr'>ad</span> 
     </span>
     <span class='ocr_line' id='line_1_21' title="bbox 72 1975 1730 2042; baseline 0.004 -20"><span class='ocrx_word' id='word_1_174' title='bbox 72 1976 202 2042; x_wconf 91' lang='lat' dir='ltr'>dapes</span> <span class='ocrx_word' id='word_1_175' title='bbox 218 1979 263 2025; x_wconf 91' lang='grc'>8(</span> <span class='ocrx_word' id='word_1_176' title='bbox 275 1975 527 2023; x_wconf 85' lang='lat' dir='ltr'>hilaritatem</span> <span class='ocrx_word' id='word_1_177' title='bbox 544 1975 819 2023; x_wconf 88' lang='lat' dir='ltr'>invitantibus</span> <span class='ocrx_word' id='word_1_178' title='bbox 830 2012 842 2035; x_wconf 83' lang='grc'>,</span> <span class='ocrx_word' id='word_1_179' title='bbox 865 1976 970 2023; x_wconf 89' lang='lat' dir='ltr'>dum</span> <span class='ocrx_word' id='word_1_180' title='bbox 982 1976 1228 2024; x_wconf 88' lang='lat' dir='ltr'>Sacerdotes</span> <span class='ocrx_word' id='word_1_181' title='bbox 1245 1976 1507 2025; x_wconf 89' lang='lat' dir='ltr'>cantillando</span> <span class='ocrx_word' id='word_1_182' title='bbox 1521 2015 1534 2038; x_wconf 83' lang='lat'>,</span> <span class='ocrx_word' id='word_1_183' title='bbox 1572 1980 1619 2027; x_wconf 88' lang='lat'>&amp;</span> <span class='ocrx_word' id='word_1_184' title='bbox 1637 1981 1730 2030; x_wconf 84' lang='lat' dir='ltr'>aliis</span> 
     </span>
     <span class='ocr_line' id='line_1_22' title="bbox 72 2043 1728 2113; baseline 0.004 -21"><span class='ocrx_word' id='word_1_185' title='bbox 72 2047 330 2095; x_wconf 78' lang='lat' dir='ltr'>caeremoniis</span> <span class='ocrx_word' id='word_1_186' title='bbox 341 2057 620 2111; x_wconf 89' lang='lat' dir='ltr'>occupantur.</span> <span class='ocrx_word' id='word_1_187' title='bbox 656 2043 795 2093; x_wconf 84' lang='lat' dir='ltr'>Albus</span> <span class='ocrx_word' id='word_1_188' title='bbox 809 2044 1102 2094; x_wconf 71' lang='lat' dir='ltr'>colorlu&amp;um</span> <span class='ocrx_word' id='word_1_189' title='bbox 1118 2044 1306 2096; x_wconf 89' lang='lat' dir='ltr'>denotat.</span> <span class='ocrx_word' id='word_1_190' title='bbox 1334 2047 1430 2095; x_wconf 87' lang='lat' dir='ltr'>Filii</span> <span class='ocrx_word' id='word_1_191' title='bbox 1447 2050 1593 2113; x_wconf 79' lang='lat' dir='ltr'>primis</span> <span class='ocrx_word' id='word_1_192' title='bbox 1604 2068 1728 2098; x_wconf 70' lang='lat' dir='ltr'>men«</span> 
     </span>
     <span class='ocr_line' id='line_1_23' title="bbox 70 2113 1725 2185; baseline 0.004 -23"><span class='ocrx_word' id='word_1_193' title='bbox 70 2113 182 2162; x_wconf 83' lang='lat' dir='ltr'>fibus</span> <span class='ocrx_word' id='word_1_194' title='bbox 197 2116 366 2176; x_wconf 80' lang='lat' dir='ltr'>ciliciis,</span> <span class='ocrx_word' id='word_1_195' title='bbox 401 2117 447 2162; x_wconf 91' lang='grc'>8(</span> <span class='ocrx_word' id='word_1_196' title='bbox 467 2113 709 2162; x_wconf 83' lang='lat' dir='ltr'>cannabinis</span> <span class='ocrx_word' id='word_1_197' title='bbox 730 2114 978 2164; x_wconf 87' lang='lat' dir='ltr'>vestiuntur.</span> <span class='ocrx_word' id='word_1_198' title='bbox 1024 2117 1179 2163; x_wconf 87' lang='lat' dir='ltr'>Forma</span> <span class='ocrx_word' id='word_1_199' title='bbox 1192 2114 1384 2181; x_wconf 83' lang='lat' dir='ltr'>lugubris</span> <span class='ocrx_word' id='word_1_200' title='bbox 1411 2117 1611 2167; x_wconf 59' lang='lat' dir='ltr'>haetenus</span> <span class='ocrx_word' id='word_1_201' title='bbox 1627 2122 1725 2185; x_wconf 63' lang='lat' dir='ltr'>Syr-2</span> 
     </span>
     <span class='ocr_line' id='line_1_24' title="bbox 70 2183 1721 2250; baseline 0.004 -19"><span class='ocrx_word' id='word_1_202' title='bbox 70 2197 204 2243; x_wconf 78' lang='lat' dir='ltr'>mate,</span> <span class='ocrx_word' id='word_1_203' title='bbox 228 2186 354 2250; x_wconf 88' lang='lat' dir='ltr'>piceo</span> <span class='ocrx_word' id='word_1_204' title='bbox 369 2221 381 2244; x_wconf 78' lang='grc'>,</span> <span class='ocrx_word' id='word_1_205' title='bbox 398 2183 545 2231; x_wconf 82' lang='lat' dir='ltr'>calceis</span> <span class='ocrx_word' id='word_1_206' title='bbox 560 2221 573 2244; x_wconf 77' lang='lat'>,</span> <span class='ocrx_word' id='word_1_207' title='bbox 605 2183 815 2231; x_wconf 85' lang='lat' dir='ltr'>tristitiam</span> <span class='ocrx_word' id='word_1_208' title='bbox 829 2183 969 2233; x_wconf 89' lang='lat' dir='ltr'>refert.</span> <span class='ocrx_word' id='word_1_209' title='bbox 1011 2184 1204 2233; x_wconf 87' lang='lat' dir='ltr'>Lumbos</span> <span class='ocrx_word' id='word_1_210' title='bbox 1232 2185 1334 2232; x_wconf 87' lang='lat' dir='ltr'>fune</span> <span class='ocrx_word' id='word_1_211' title='bbox 1350 2187 1721 2239; x_wconf 83' lang='lat' dir='ltr'>Franciscanorum</span> 
     </span>
     <span class='ocr_line' id='line_1_25' title="bbox 67 2253 1721 2319; baseline 0.002 -17"><span class='ocrx_word' id='word_1_212' title='bbox 67 2255 153 2302; x_wconf 89' lang='lat' dir='ltr'>ritu</span> <span class='ocrx_word' id='word_1_213' title='bbox 167 2255 358 2319; x_wconf 84' lang='lat' dir='ltr'>cingunt.</span> <span class='ocrx_word' id='word_1_214' title='bbox 394 2254 518 2300; x_wconf 90' lang='lat' dir='ltr'>Toto</span> <span class='ocrx_word' id='word_1_215' title='bbox 543 2254 728 2301; x_wconf 90' lang='lat' dir='ltr'>triennio</span> <span class='ocrx_word' id='word_1_216' title='bbox 746 2266 940 2319; x_wconf 86' lang='lat' dir='ltr'>parentes</span> <span class='ocrx_word' id='word_1_217' title='bbox 955 2253 977 2300; x_wconf 75' lang='lat' dir='ltr'>a</span> <span class='ocrx_word' id='word_1_218' title='bbox 993 2253 1156 2314; x_wconf 82' lang='lat' dir='ltr'>libetis,</span> <span class='ocrx_word' id='word_1_219' title='bbox 1188 2267 1237 2301; x_wconf 90' lang='lat' dir='ltr'>ut</span> <span class='ocrx_word' id='word_1_220' title='bbox 1260 2253 1440 2319; x_wconf 89' lang='lat' dir='ltr'>parilem</span> <span class='ocrx_word' id='word_1_221' title='bbox 1453 2256 1721 2306; x_wconf 81' lang='lat' dir='ltr'>educationis</span> 
     </span>
     <span class='ocr_line' id='line_1_26' title="bbox 68 2320 1719 2388; baseline 0.001 -18"><span class='ocrx_word' id='word_1_222' title='bbox 68 2322 268 2371; x_wconf 85' lang='lat' dir='ltr'>infantilis</span> <span class='ocrx_word' id='word_1_223' title='bbox 277 2340 419 2371; x_wconf 87' lang='lat' dir='ltr'>curam</span> <span class='ocrx_word' id='word_1_224' title='bbox 434 2320 732 2387; x_wconf 86' lang='lat' dir='ltr'>compensent:</span> <span class='ocrx_word' id='word_1_225' title='bbox 759 2324 915 2371; x_wconf 84' lang='lat' dir='ltr'>Caeteri</span> <span class='ocrx_word' id='word_1_226' title='bbox 925 2322 1109 2382; x_wconf 77' lang='lat' dir='ltr'>brevius,</span> <span class='ocrx_word' id='word_1_227' title='bbox 1119 2340 1231 2370; x_wconf 86' lang='lat' dir='ltr'>anno</span> <span class='ocrx_word' id='word_1_228' title='bbox 1241 2321 1396 2382; x_wconf 78' lang='lat' dir='ltr'>,tribus</span> <span class='ocrx_word' id='word_1_229' title='bbox 1412 2324 1643 2388; x_wconf 70' lang='lat' dir='ltr'>mensibus,</span> <span class='ocrx_word' id='word_1_230' title='bbox 1653 2326 1719 2375; x_wconf 53' lang='lat' dir='ltr'>lua</span> 
     </span>
     <span class='ocr_line' id='line_1_27' title="bbox 68 2405 232 2460; baseline 0.018 -20"><span class='ocrx_word' id='word_1_231' title='bbox 68 2405 232 2460; x_wconf 84' lang='lat' dir='ltr'>gentur.</span> 
     </span>
    </p>

    <p class='ocr_par' dir='ltr' id='par_1_8' title="bbox 66 2459 1717 3011">
     <span class='ocr_line' id='line_1_28' title="bbox 132 2459 1717 2530; baseline 0.003 -20"><span class='ocrx_word' id='word_1_232' title='bbox 132 2465 273 2530; x_wconf 81' lang='lat' dir='ltr'>Reges</span> <span class='ocrx_word' id='word_1_233' title='bbox 288 2461 395 2509; x_wconf 91' lang='lat' dir='ltr'>olim</span> <span class='ocrx_word' id='word_1_234' title='bbox 410 2463 594 2510; x_wconf 89' lang='lat' dir='ltr'>triennio</span> <span class='ocrx_word' id='word_1_235' title='bbox 609 2477 786 2526; x_wconf 89' lang='lat' dir='ltr'>quoque</span> <span class='ocrx_word' id='word_1_236' title='bbox 795 2477 873 2527; x_wconf 87' lang='lat' dir='ltr'>per</span> <span class='ocrx_word' id='word_1_237' title='bbox 887 2473 1030 2509; x_wconf 88' lang='lat' dir='ltr'>totum</span> <span class='ocrx_word' id='word_1_238' title='bbox 1041 2459 1562 2528; x_wconf 85' lang='lat' dir='ltr'>Imperiumlugebantur:</span> <span class='ocrx_word' id='word_1_239' title='bbox 1580 2464 1717 2515; x_wconf 82' lang='lat' dir='ltr'>hodie</span> 
     </span>
     <span class='ocr_line' id='line_1_29' title="bbox 67 2530 1715 2599; baseline 0.002 -18"><span class='ocrx_word' id='word_1_240' title='bbox 67 2530 247 2597; x_wconf 87' lang='lat' dir='ltr'>spatium</span> <span class='ocrx_word' id='word_1_241' title='bbox 263 2531 370 2580; x_wconf 85' lang='lat' dir='ltr'>idad</span> <span class='ocrx_word' id='word_1_242' title='bbox 380 2549 514 2579; x_wconf 90' lang='lat' dir='ltr'>unum</span> <span class='ocrx_word' id='word_1_243' title='bbox 530 2530 716 2579; x_wconf 87' lang='lat' dir='ltr'>mensem</span> <span class='ocrx_word' id='word_1_244' title='bbox 731 2532 876 2596; x_wconf 82' lang='lat' dir='ltr'>Regio</span> <span class='ocrx_word' id='word_1_245' title='bbox 885 2530 1027 2579; x_wconf 69' lang='grc' dir='ltr'>εάἰᾶο</span> <span class='ocrx_word' id='word_1_246' title='bbox 1037 2531 1314 2580; x_wconf 86' lang='lat' dir='ltr'>contrahitur.</span> <span class='ocrx_word' id='word_1_247' title='bbox 1350 2533 1482 2579; x_wconf 90' lang='lat' dir='ltr'>Liber</span> <span class='ocrx_word' id='word_1_248' title='bbox 1497 2532 1715 2599; x_wconf 79' lang='lat' dir='ltr'>singularis</span> 
     </span>
     <span class='ocr_line' id='line_1_30' title="bbox 66 2598 1711 2667; baseline 0.002 -19"><span class='ocrx_word' id='word_1_249' title='bbox 66 2613 200 2661; x_wconf 83' lang='lat' dir='ltr'>extat,</span> <span class='ocrx_word' id='word_1_250' title='bbox 213 2603 257 2650; x_wconf 89' lang='lat' dir='ltr'>in</span> <span class='ocrx_word' id='word_1_251' title='bbox 267 2619 357 2667; x_wconf 93' lang='lat' dir='ltr'>quo</span> <span class='ocrx_word' id='word_1_252' title='bbox 372 2619 520 2649; x_wconf 76' lang='lat' dir='ltr'>omnes</span> <span class='ocrx_word' id='word_1_253' title='bbox 530 2602 728 2648; x_wconf 83' lang='lat' dir='ltr'>funerum</span> <span class='ocrx_word' id='word_1_254' title='bbox 739 2637 751 2660; x_wconf 74' lang='lat'>‚</span> <span class='ocrx_word' id='word_1_255' title='bbox 760 2602 805 2648; x_wconf 91' lang='grc'>8(</span> <span class='ocrx_word' id='word_1_256' title='bbox 817 2598 993 2666; x_wconf 81' lang='lat' dir='ltr'>lugendi</span> <span class='ocrx_word' id='word_1_257' title='bbox 1009 2603 1111 2648; x_wconf 88' lang='lat' dir='ltr'>ritus</span> <span class='ocrx_word' id='word_1_258' title='bbox 1122 2601 1267 2649; x_wconf 56' lang='lat' dir='ltr'>exacte</span> <span class='ocrx_word' id='word_1_259' title='bbox 1277 2600 1563 2649; x_wconf 85' lang='lat' dir='ltr'>discribuntur</span> <span class='ocrx_word' id='word_1_260' title='bbox 1572 2639 1585 2662; x_wconf 77' lang='grc'>,</span> <span class='ocrx_word' id='word_1_261' title='bbox 1596 2605 1642 2651; x_wconf 87' lang='grc'>8(</span> <span class='ocrx_word' id='word_1_262' title='bbox 1656 2605 1711 2655; x_wconf 88' lang='lat' dir='ltr'>ad</span> 
     </span>
     <span class='ocr_line' id='line_1_31' title="bbox 68 2669 1710 2737; baseline 0.001 -20"><span class='ocrx_word' id='word_1_263' title='bbox 68 2671 217 2717; x_wconf 89' lang='lat' dir='ltr'>vivum</span> <span class='ocrx_word' id='word_1_264' title='bbox 226 2670 538 2736; x_wconf 81' lang='lat' dir='ltr'>depinguntur:</span> <span class='ocrx_word' id='word_1_265' title='bbox 558 2670 657 2718; x_wconf 91' lang='lat' dir='ltr'>inde</span> <span class='ocrx_word' id='word_1_266' title='bbox 675 2672 872 2734; x_wconf 82' lang='lat' dir='ltr'>quisque,</span> <span class='ocrx_word' id='word_1_267' title='bbox 887 2670 1008 2734; x_wconf 90' lang='lat' dir='ltr'>quod</span> <span class='ocrx_word' id='word_1_268' title='bbox 1025 2671 1286 2718; x_wconf 90' lang='lat' dir='ltr'>conveniens</span> <span class='ocrx_word' id='word_1_269' title='bbox 1295 2669 1371 2722; x_wconf 85' lang='lat' dir='ltr'>suo</span> <span class='ocrx_word' id='word_1_270' title='bbox 1385 2670 1522 2730; x_wconf 84' lang='lat' dir='ltr'>statui,</span> <span class='ocrx_word' id='word_1_271' title='bbox 1532 2675 1710 2737; x_wconf 88' lang='lat' dir='ltr'>promit.-</span> 
     </span>
     <span class='ocr_line' id='line_1_32' title="bbox 67 2738 1709 2806; baseline 0.004 -19"><span class='ocrx_word' id='word_1_272' title='bbox 67 2740 190 2787; x_wconf 84' lang='lat' dir='ltr'>Mors</span> <span class='ocrx_word' id='word_1_273' title='bbox 214 2738 399 2788; x_wconf 71' lang='lat' dir='ltr'>defunffi</span> <span class='ocrx_word' id='word_1_274' title='bbox 416 2739 566 2788; x_wconf 87' lang='lat' dir='ltr'>libello</span> <span class='ocrx_word' id='word_1_275' title='bbox 583 2741 791 2805; x_wconf 74' lang='lat' dir='ltr'>proximis</span> <span class='ocrx_word' id='word_1_276' title='bbox 811 2742 970 2805; x_wconf 85' lang='lat' dir='ltr'>agnatis</span> <span class='ocrx_word' id='word_1_277' title='bbox 984 2742 1092 2788; x_wconf 90' lang='lat' dir='ltr'>intra</span> <span class='ocrx_word' id='word_1_278' title='bbox 1106 2739 1295 2788; x_wconf 90' lang='lat' dir='ltr'>triduum</span> <span class='ocrx_word' id='word_1_279' title='bbox 1309 2780 1324 2801; x_wconf 80' lang='grc'>,</span> <span class='ocrx_word' id='word_1_280' title='bbox 1343 2753 1417 2788; x_wconf 86' lang='lat' dir='ltr'>aut</span> <span class='ocrx_word' id='word_1_281' title='bbox 1431 2742 1709 2806; x_wconf 88' lang='lat' dir='ltr'>quatriduum</span> 
     </span>
     <span class='ocr_line' id='line_1_33' title="bbox 67 2806 1710 2874; baseline 0.002 -20"><span class='ocrx_word' id='word_1_282' title='bbox 67 2806 337 2872; x_wconf 73' lang='lat' dir='ltr'>significatur.</span> <span class='ocrx_word' id='word_1_283' title='bbox 363 2811 524 2858; x_wconf 84' lang='lat' dir='ltr'>Interea</span> <span class='ocrx_word' id='word_1_284' title='bbox 539 2808 703 2857; x_wconf 87' lang='lat' dir='ltr'>loculus</span> <span class='ocrx_word' id='word_1_285' title='bbox 718 2808 904 2858; x_wconf 84' lang='lat' dir='ltr'>funestus</span> <span class='ocrx_word' id='word_1_286' title='bbox 919 2810 1056 2858; x_wconf 76' lang='lat' dir='ltr'>confit</span> <span class='ocrx_word' id='word_1_287' title='bbox 1068 2810 1318 2874; x_wconf 89' lang='lat' dir='ltr'>recipiendo</span> <span class='ocrx_word' id='word_1_288' title='bbox 1328 2810 1532 2860; x_wconf 87' lang='lat' dir='ltr'>cadaveri.</span> <span class='ocrx_word' id='word_1_289' title='bbox 1569 2811 1710 2860; x_wconf 55' lang='lat' dir='ltr'>Cubi&lt;</span> 
     </span>
     <span class='ocr_line' id='line_1_34' title="bbox 68 2874 1711 2945; baseline 0.005 -23"><span class='ocrx_word' id='word_1_290' title='bbox 68 2874 213 2923; x_wconf 91' lang='lat' dir='ltr'>culum</span> <span class='ocrx_word' id='word_1_291' title='bbox 227 2875 330 2924; x_wconf 85' lang='lat' dir='ltr'>albis</span> <span class='ocrx_word' id='word_1_292' title='bbox 339 2878 492 2940; x_wconf 78' lang='lat' dir='ltr'>linteis,</span> <span class='ocrx_word' id='word_1_293' title='bbox 504 2893 577 2927; x_wconf 88' lang='lat' dir='ltr'>aut</span> <span class='ocrx_word' id='word_1_294' title='bbox 596 2878 740 2926; x_wconf 83' lang='lat' dir='ltr'>storeis</span> <span class='ocrx_word' id='word_1_295' title='bbox 751 2877 972 2927; x_wconf 80' lang='lat' dir='ltr'>vestiturin</span> <span class='ocrx_word' id='word_1_296' title='bbox 982 2879 1162 2927; x_wconf 89' lang='lat' dir='ltr'>modum</span> <span class='ocrx_word' id='word_1_297' title='bbox 1172 2879 1322 2938; x_wconf 76' lang='lat' dir='ltr'>altaris,</span> <span class='ocrx_word' id='word_1_298' title='bbox 1330 2879 1453 2945; x_wconf 84' lang='lat' dir='ltr'>super</span> <span class='ocrx_word' id='word_1_299' title='bbox 1467 2897 1559 2945; x_wconf 91' lang='lat' dir='ltr'>quo</span> <span class='ocrx_word' id='word_1_300' title='bbox 1566 2880 1711 2944; x_wconf 67' lang='lat' dir='ltr'>sunm,</span> 
     </span>
     <span class='ocr_line' id='line_1_35' title="bbox 66 2945 493 3011; baseline 0.007 -19"><span class='ocrx_word' id='word_1_301' title='bbox 66 2945 274 3011; x_wconf 80' lang='lat' dir='ltr'>&amp;imago</span> <span class='ocrx_word' id='word_1_302' title='bbox 291 2945 493 2996; x_wconf 70' lang='lat' dir='ltr'>defunffi.</span> 
     </span>
    </p>

    <p class='ocr_par' dir='ltr' id='par_1_9' title="bbox 68 3012 1710 3208">
     <span class='ocr_line' id='line_1_36' title="bbox 136 3012 1710 3084; baseline 0.006 -25"><span class='ocrx_word' id='word_1_303' title='bbox 136 3012 200 3060; x_wconf 92' lang='lat' dir='ltr'>lbi</span> <span class='ocrx_word' id='word_1_304' title='bbox 219 3016 326 3061; x_wconf 88' lang='lat' dir='ltr'>intra</span> <span class='ocrx_word' id='word_1_305' title='bbox 341 3016 530 3064; x_wconf 89' lang='lat' dir='ltr'>triduum</span> <span class='ocrx_word' id='word_1_306' title='bbox 550 3016 619 3063; x_wconf 90' lang='lat' dir='ltr'>vel</span> <span class='ocrx_word' id='word_1_307' title='bbox 634 3016 909 3082; x_wconf 86' lang='lat' dir='ltr'>quatriduum</span> <span class='ocrx_word' id='word_1_308' title='bbox 927 3019 1100 3084; x_wconf 86' lang='lat' dir='ltr'>cognati</span> <span class='ocrx_word' id='word_1_309' title='bbox 1118 3056 1134 3078; x_wconf 84' lang='lat'><em>,</em></span> <span class='ocrx_word' id='word_1_310' title='bbox 1165 3019 1212 3066; x_wconf 86' lang='grc'>8(</span> <span class='ocrx_word' id='word_1_311' title='bbox 1227 3018 1351 3066; x_wconf 90' lang='lat' dir='ltr'>amici</span> <span class='ocrx_word' id='word_1_312' title='bbox 1368 3016 1538 3084; x_wconf 84' lang='lat' dir='ltr'>lugubri</span> <span class='ocrx_word' id='word_1_313' title='bbox 1556 3017 1710 3069; x_wconf 85' lang='lat' dir='ltr'>habitu</span> 
     </span>
     <span class='ocr_line' id='line_1_37' title="bbox 68 3083 1709 3152; baseline 0.003 -22"><span class='ocrx_word' id='word_1_314' title='bbox 68 3085 348 3147; x_wconf 77' lang='lat' dir='ltr'>conveniimt,</span> <span class='ocrx_word' id='word_1_315' title='bbox 360 3083 527 3152; x_wconf 87' lang='lat' dir='ltr'>fingulis</span> <span class='ocrx_word' id='word_1_316' title='bbox 537 3085 622 3133; x_wconf 89' lang='lat' dir='ltr'>diei</span> <span class='ocrx_word' id='word_1_317' title='bbox 632 3087 747 3137; x_wconf 89' lang='lat' dir='ltr'>horis</span> <span class='ocrx_word' id='word_1_318' title='bbox 765 3085 986 3137; x_wconf 87' lang='lat' dir='ltr'>succeffive</span> <span class='ocrx_word' id='word_1_319' title='bbox 997 3088 1042 3135; x_wconf 83' lang='grc'>8(</span> <span class='ocrx_word' id='word_1_320' title='bbox 1050 3086 1227 3148; x_wconf 83' lang='lat' dir='ltr'>odores,</span> <span class='ocrx_word' id='word_1_321' title='bbox 1242 3105 1290 3137; x_wconf 88' lang='lat' dir='ltr'>ac</span> <span class='ocrx_word' id='word_1_322' title='bbox 1299 3088 1402 3136; x_wconf 84' lang='lat' dir='ltr'>duas</span> <span class='ocrx_word' id='word_1_323' title='bbox 1419 3105 1555 3141; x_wconf 85' lang='lat' dir='ltr'>cereas</span> <span class='ocrx_word' id='word_1_324' title='bbox 1565 3090 1709 3137; x_wconf 51' lang='lat' dir='ltr'>incena</span> 
     </span>
     <span class='ocr_line' id='line_1_38' title="bbox 1027 3157 1709 3208; baseline 0.003 -6"><span class='ocrx_word' id='word_1_325' title='bbox 1027 3173 1053 3203; x_wconf 93' lang='lat' dir='ltr'>e</span> <span class='ocrx_word' id='word_1_326' title='bbox 1089 3172 1113 3202; x_wconf 85' lang='lat'><em>2</em></span> <span class='ocrx_word' id='word_1_327' title='bbox 1585 3157 1709 3208; x_wconf 51' lang='lat' dir='ltr'>duna</span> 
     </span>
    </p>
   </div>
   <div class='ocr_carea' id='block_1_6' title="bbox 77 1206 252 1388">
    <p class='ocr_par' dir='ltr' id='par_1_10' title="bbox 77 1206 252 1388">
     <span class='ocr_line' id='line_1_39' title="bbox 77 1206 252 1388; baseline 0 2024"><span class='ocrx_word' id='word_1_328' title='bbox 77 1206 252 1388; x_wconf 95' lang='lat' dir='ltr'> </span> 
     </span>
    </p>
   </div>
   <div class='ocr_carea' id='block_1_7' title="bbox 2078 2170 2114 3412">
    <p class='ocr_par' dir='ltr' id='par_1_11' title="bbox 2078 2170 2114 3412">
     <span class='ocr_line' id='line_1_40' title="bbox 2078 2170 2114 3412; baseline 0 0"><span class='ocrx_word' id='word_1_329' title='bbox 2078 2170 2114 3412; x_wconf 95' lang='lat' dir='ltr'> </span> 
     </span>
    </p>
   </div>
  </div>
 </body>
</html>
