2114 3412
277 161 298 175 ω
388 126 454 185 ad
463 129 608 193 M
604 148 775 213 agnum
792 125 1048 188 Tartariae
1063 130 1287 214 Simeque
1303 128 1559 208 Chammn.
1729 158 1757 203 9
1769 158 1791 201 3

191 234 281 285 Ubi
295 233 430 282 versus
440 232 620 281 fluvium
634 234 762 298 Kiang
776 271 787 291 ‚
809 232 831 278 a
850 252 938 299 quo
948 233 1018 281 sex
1029 235 1091 295 Ly
1104 233 1237 292 distat,
1248 237 1533 301 protenditur,
1543 236 1624 286 lata
1637 240 1682 287 8(
1695 256 1793 304 pro-

120 303 255 353 funda
267 304 369 354 fossa
378 342 390 362 ,
402 322 495 369 quae
507 303 831 367 quatuordecim
844 318 1089 369 pontonum
1102 303 1237 351 navali
1255 320 1389 370 ponte
1409 307 1615 354 constrata
1626 342 1639 361 2
1662 308 1713 355 ad
1728 327 1791 357 ur-

121 375 223 423 bem
235 375 351 421 ducit
365 372 588 420 Orientale
601 371 705 420 latus
717 372 828 419 urbis
849 375 892 420 in
904 387 1077 438 patente
1088 372 1284 433 convalli,
1295 375 1505 424 hincinde
1517 377 1693 425 collibus
1703 379 1789 426 edi-

119 458 163 492 ta
170 446 285 508 jacet
294 481 306 503 ,
325 457 412 490 tarn
423 441 575 489 crebris
585 441 689 490 setta
699 441 912 489 canalibus
924 476 938 496 2
958 456 1005 490 ut
1013 444 1150 489 omnis
1161 445 1324 508 generis
1334 447 1498 509 navigia
1511 464 1608 493 eum
1623 465 1786 511 perme-

119 528 211 569 ent,
238 532 286 560 ac
309 530 468 559 merces
490 511 576 558 suas
595 525 849 576 exponunt,
870 510 937 559 vel
948 513 1163 577 recipiant.
1198 513 1232 558 F
1236 512 1328 559 offae
1340 511 1514 578 lapideis
1526 516 1786 580 pontibus&

115 583 268 630 crebris
286 581 517 629 Cataraciis
537 581 753 628 constratae
774 580 878 628 sunt.
919 580 1172 647 Geographi
1198 581 1387 629 Sinenses
1406 583 1579 630 tradunt
1597 621 1609 642 ,
1625 584 1785 633 nullam

115 667 213 700 toto
229 651 335 698 orbe
357 653 592 699 Civitatem
614 650 713 697 huic
732 650 1026 717 magnitudine
1051 684 1065 705 ,
1100 653 1145 698 8(
1167 649 1376 717 elegantia
1399 656 1631 719 comparati
1655 656 1783 719 posse.

116 721 320 769 Ambitus
341 722 497 768 aedium
519 723 712 784 quinque
732 722 953 768 horarum:
976 737 1196 767 murorum
1218 720 1287 767 sex
1306 720 1546 770 milliarium
1560 725 1784 772 Germani-

113 808 263 838 corum
274 829 286 850 ‚
309 808 398 837 non
420 788 581 836 inclusis
598 789 802 837 suburbiis
822 826 834 849 ‚
868 808 962 855 quae
981 789 1235 837 immensum
1256 790 1447 855 undique
1469 793 1783 842 extenduntur.

113 863 264 907 Praeter
275 861 383 908 hanc
392 861 635 919 interiorem
648 876 883 917 murorum,
898 858 984 906 aliis
993 859 1133 906 adhuc
1143 862 1343 920 exterior,
1354 879 1442 907 non
1454 864 1680 910 continuus
1689 900 1700 921 7
1710 862 1782 910 sed

112 929 326 978 hincinde
338 929 539 994 abruptus
557 948 566 974 ε
591 928 663 977 llla
673 942 839 977 tantum
850 927 956 987 loca,
967 947 1060 994 quae
1072 929 1316 989 infirmiora,
1326 932 1370 977 8(
1383 929 1585 979 invasioni
1596 931 1782 979 hostium

111 997 319 1064 exposita,
334 1017 389 1045 eo
400 999 663 1046 muniuntur.
699 996 803 1060 Ejus
813 997 994 1045 ambitus
1003 1011 1089 1045 tam
1100 997 1232 1045 vastus
1248 1032 1261 1053 ‚
1281 1014 1330 1046 ut
1350 998 1379 1046 fi
1401 1001 1490 1048 duo
1502 1002 1662 1066 equites
1671 1000 1781 1048 sum-

110 1085 186 1114 mo
198 1086 321 1116 mane
331 1069 480 1116 eadem
492 1081 615 1132 porta
624 1068 933 1135 ingrediantur,
953 1085 1047 1115 eam
1058 1068 1216 1115 circum
1228 1071 1456 1134 equitaturi
1469 1107 1481 1129 ‚
1499 1069 1583 1117 sera
1605 1070 1781 1118 demum

109 1136 282 1203 vespera
305 1139 570 1185 conveniant.

179 1210 342 1254 Primus
350 1225 492 1256 murus
499 1207 669 1273 triginta
680 1206 811 1272 pedes
821 1204 924 1254 altus
937 1242 950 1265 ,
964 1205 1228 1272 pedamento
1240 1207 1330 1271 ejus
1340 1205 1481 1271 lapide
1492 1206 1602 1255 serito
1614 1245 1627 1267 ,
1651 1207 1778 1273 supe-

107 1278 207 1324 riori
219 1291 337 1342 parte
346 1275 474 1324 latere
483 1276 608 1324 costo
620 1275 842 1323 artificiose
852 1275 1083 1336 exflru5m,
1094 1293 1141 1322 ac
1149 1276 1376 1343 magnifice
1384 1290 1538 1324 ornato
1559 1296 1569 1322 z
1606 1278 1781 1325 Crebrae
1837 1328 1840 1332 ,

106 1346 254 1412 paffim
266 1360 396 1394 turres
407 1365 487 1411 pro
498 1344 699 1393 excubiis.
1757 1343 1760 1345 ’

177 1417 408 1464 Tredecim
430 1430 570 1481 portas
592 1414 747 1474 habet,
770 1432 950 1481 quarum
967 1412 1097 1462 valvae
1106 1412 1269 1462 laminis
1288 1414 1429 1462 ferreis
1447 1414 1642 1464 obduciae
1664 1455 1678 1476 ‚
1700 1418 1781 1466 fre-

104 1486 381 1551 quentiffimae
393 1484 574 1533 militum
586 1483 773 1532 custodia
783 1485 873 1532 dies
882 1483 1110 1550 noctesque
1119 1483 1179 1530 ibi
1197 1483 1451 1532 excubante.
1484 1486 1696 1541 Qaedam
1709 1487 1781 1534 ha›

104 1574 199 1602 rum
234 1570 453 1623 portarum
487 1568 672 1620 quatuor
690 1590 702 1613 ‚
736 1553 823 1601 aliae
851 1556 1044 1620 quinque
1072 1552 1216 1601 validis
1235 1554 1468 1603 fornicibus
1487 1553 1778 1619 superstrufiae.

104 1627 232 1672 Porta
244 1627 437 1691 aquatica
451 1624 632 1686 Suifimoa
643 1661 656 1685 2
676 1624 730 1672 ad
742 1642 871 1691 quam
883 1625 1033 1690 Legati
1045 1622 1315 1672 substiterunt
1327 1661 1340 1684 ,
1358 1637 1444 1671 tam
1455 1622 1589 1671 densis
1599 1627 1779 1692 agmini-

104 1693 183 1741 bus
193 1698 403 1743 continuo
420 1696 712 1761 frequentatur
722 1728 735 1750 ,
757 1708 805 1742 ut
814 1712 922 1761 aegre
934 1711 1010 1760 per
1018 1693 1341 1744 confertissimos
1351 1695 1779 1761 hominespenetrare

104 1765 242 1830 poffis.
265 1765 500 1814 Platearum
512 1767 731 1830 praecipuae
741 1765 891 1832 viginti
900 1763 1000 1812 οᾶο
1008 1763 1140 1829 passus
1148 1762 1255 1823 latae,
1265 1765 1309 1810 in
1320 1764 1464 1811 medio
1476 1763 1655 1812 caeruleo
1664 1763 1779 1822 saxo,

104 1835 157 1882 ad
170 1850 399 1901 utrumque
410 1834 514 1883 latus
525 1833 632 1882 filice
642 1834 771 1882 stratae
781 1871 794 1893 ,
816 1851 907 1882 non
916 1832 1103 1899 obliquae
1116 1832 1210 1881 sunt
1221 1870 1234 1893 ‚
1251 1833 1321 1881 sed
1332 1834 1465 1882 retiae.
1500 1834 1577 1881 Ad
1595 1832 1778 1901 singulos

103 1919 277 1953 centum
288 1906 421 1972 passus
427 1906 557 1970 janua
569 1940 582 1963 ‚
601 1913 694 1969 quae
712 1904 843 1952 noitu
863 1903 982 1952 furtis
993 1906 1039 1952 8(
1050 1905 1323 1970 grassatorum
1340 1902 1572 1952 insolentiae
1582 1906 1778 1951 coercen—

102 1973 165 2022 dis
178 2010 191 2033 ,
204 1974 428 2024 clauditur.
463 1972 593 2022 Tales
614 1976 710 2022 Vici
731 1973 825 2021 suos
835 1975 984 2021 Duces
996 1973 1180 2029 habent,
1200 1972 1354 2038 quibus
1365 1986 1454 2021 tota
1464 1974 1629 2022 Vicinia
1640 1988 1769 2038 paret.

102 2043 309 2111 Vulgares
326 2045 640 2093 civiumdomus
656 2042 864 2110 simplices
884 2042 1041 2109 absque
1061 2057 1214 2090 ornatu
1231 2061 1241 2088 :
1264 2060 1412 2090 omnes
1422 2042 1679 2091 transversim
1689 2042 1776 2108 pla-

105 2127 191 2161 teas
210 2114 443 2179 respe&ant
463 2134 473 2160 ε
491 2113 621 2177 janua
639 2115 764 2161 unica
787 2111 928 2161 cubile
948 2114 1145 2172 unicum,
1164 2114 1208 2160 in
1227 2129 1316 2177 quo
1337 2113 1472 2161 edunt
1484 2115 1529 2160 8(
1542 2112 1776 2172 dormiunt,

107 2186 241 2249 Supra
258 2183 478 2232 fenestram
491 2222 505 2243 ‚
527 2183 583 2230 de
595 2201 680 2248 qua
690 2201 845 2231 merces
854 2181 942 2231 suas
950 2200 1110 2231 venum
1122 2195 1350 2248 exponunt
1361 2215 1374 2237 2
1394 2183 1587 2232 foramen
1598 2181 1774 2247 quadra-

104 2267 196 2300 tum
208 2253 449 2322 oblongum
463 2290 475 2313 ,
498 2252 981 2300 luminitransmittendo
994 2288 1006 2311 ,
1026 2252 1145 2317 quod
1160 2251 1301 2299 storeis
1318 2269 1373 2298 ex
1390 2252 1595 2299 arundine
1605 2250 1704 2297 loco
1715 2252 1776 2298 vi-

104 2337 290 2371 treorum
309 2326 489 2392 tegitur,
509 2340 564 2370 ne
585 2321 932 2386 praetereuntibus
941 2321 1127 2386 conspici
1137 2321 1275 2386 possit.
1306 2324 1444 2368 Extus
1461 2321 1524 2367 hae
1534 2320 1640 2367 aedes
1649 2321 1773 2367 unius

106 2389 194 2440 fere
205 2395 550 2461 contignationis,
560 2391 672 2439 ῐεᾶο
684 2409 739 2438 ex
751 2390 854 2438 albis
864 2388 1014 2458 tegulis
1025 2424 1038 2444 ,
1050 2388 1163 2437 calce
1174 2388 1375 2436 albiffima
1385 2387 1660 2454 resplendent,
1701 2391 1773 2437 In-

105 2460 207 2509 colae
230 2462 377 2511 talium
396 2464 608 2510 domuum
620 2459 690 2508 vili
700 2474 932 2508 mercatura
950 2459 991 2507 se
1001 2458 1239 2507 sustentant.
1276 2457 1360 2506 Sed
1372 2473 1623 2507 mercatores
1633 2461 1774 2524 praeci-

107 2533 182 2595 pui
191 2532 334 2590 serico,
344 2532 872 2597 Porcellanis‚margariti8,
894 2528 1207 2588 adamantibus,
1225 2528 1398 2594 aliisque
1419 2527 1606 2593 pretiosis
1626 2530 1773 2575 merci-

109 2604 261 2648 moniis
271 2604 439 2652 resertas
448 2602 567 2650 cellas
577 2601 748 2648 habent.
784 2602 861 2647 His
880 2598 1024 2647 tabula
1045 2601 1179 2646 aureis
1195 2598 1389 2662 inscripta
1406 2598 1533 2646 literis
1552 2615 1712 2644 nomen
1725 2599 1772 2645 8(

110 2686 267 2718 merces
277 2675 516 2720 mercatoris
523 2673 746 2719 continens
754 2704 767 2724 ‚
777 2670 882 2735 saepe
893 2670 1021 2717 etiam
1033 2668 1140 2727 duae,
1151 2668 1437 2735 praefiguntur‚
1468 2670 1668 2714 Praeterea
1679 2665 1772 2732 plu-

110 2739 264 2787 rimum
275 2744 439 2806 perticis
449 2741 586 2807 longis
595 2739 748 2789 vexilla
758 2773 772 2793 ‚
792 2753 865 2786 aut
875 2737 991 2786 aliud
1003 2736 1165 2806 insigne
1178 2737 1442 2804 appenditur
1451 2771 1463 2794 ‚
1486 2735 1639 2802 quibus
1650 2736 1773 2796 χόες,

109 2807 226 2855 velut
234 2813 348 2875 apud
360 2811 779 2878 nos‚distinguuntur.
813 2807 943 2856 Nulla
955 2809 1038 2866 hic,
1051 2821 1099 2854 ut
1109 2825 1188 2854 nec
1199 2809 1290 2855 tota
1300 2809 1399 2853 Sina
1412 2843 1424 2865 ,
1446 2818 1630 2852 monetae
1639 2804 1771 2873 signa-

109 2890 160 2923 tae
171 2896 332 2943 genus:
356 2895 577 2948 argentum
600 2879 792 2946 pondere
802 2877 1076 2943 expendunt,
1093 2876 1165 2923 sed
1177 2875 1445 2924 subdolisunt
1470 2897 1482 2934 3
1519 2874 1772 2940 plerumque

108 2948 224 2993 enim
235 2948 395 3014 duplex
409 2951 576 3016 pondus
586 2949 904 3008 habent,a&um
915 2946 1047 2996 astute
1057 2947 1395 2993 circumveniunt
1406 2958 1650 3004 emtoreS,ut
1661 2947 1784 3012 Argi*

109 3015 263 3071 oculi3‚
283 3037 338 3067 ne
356 3019 563 3084 decipiare
575 3057 589 3080 ,
611 3037 720 3085 opus
733 3016 783 3066 sit
804 3038 814 3065 z
851 3018 951 3067 hinc
971 3030 1156 3065 emtores
1165 3017 1381 3081 propriam
1392 3014 1539 3063 libram
1548 3013 1690 3062 secum
1701 3014 1773 3061 de-

108 3084 261 3135 ferunt,

1030 3157 1085 3203 M
1124 3172 1146 3219 3
1635 3151 1780 3198 Tanta
