2114 3412
138 702 241 733 Matris
251 710 300 732 ve-

137 742 230 780 stitus,
248 744 281 775 Sc

137 784 212 817 filiae.

316 129 384 183 96
642 120 645 123 “
666 112 806 170 Pars
808 105 1020 190 fi’cuncla
1040 103 1320 192 Legationis
1341 107 1606 166 Patavicae

317 217 545 284 prehendit
556 250 569 270 ‚
590 232 733 280 neque
755 215 895 261 mirari
916 213 1008 261 fiatis
1028 225 1197 278 poterat
1213 211 1379 260 facilem
1393 211 1603 259 flexuram
1622 212 1666 258 in
1677 209 1837 259 reSium
1849 228 1989 261 rever-

317 301 493 336 tentem.
524 283 687 332 Pileum
698 284 850 350 Legati
859 300 958 331 cum
969 280 1044 329 s1bi
1056 281 1315 348 imposuisset
1323 318 1334 340 ,
1352 281 1532 329 thoracis
1540 297 1717 346 quoque
1728 282 1817 345 ejus
1824 296 1990 347 partem

315 356 532 404 enodavit.
567 353 698 402 AEdes
715 353 975 421 praeingressa
989 387 1002 407 ‚
1025 368 1081 399 eo
1092 351 1247 400 deduci
1259 355 1473 419 Legatum
1495 350 1758 398 humanitate
1771 353 1990 402 Tartarica

316 424 466 474 voluit.
506 427 693 491 Legatus
701 423 895 470 ducentis
905 421 1087 488 passibus
1107 422 1316 485 Palankyno
1327 457 1340 480 ,
1358 437 1437 467 nos
1453 421 1572 485 equis
1582 419 1689 467 vec'ii
1700 438 1838 468 aream
1849 419 1990 483 latam,

317 496 394 544 viis
415 491 705 542 ambulatoriis
722 491 877 540 'sesiam
898 527 911 550 ⁷
930 493 1180 557 pavimento
1202 490 1315 539 seffls
1333 488 1544 555 lapidibus
1563 489 1776 537 constrato
1801 527 1814 550 ‚
1842 491 1994 558 depre-

319 563 558 611 hendimus.
604 562 669 610 lbi
692 559 979 609 diversabatur
998 561 1087 608 haec
1104 597 1117 620 ,
1141 558 1258 608 lateri
1284 558 1370 608 filia
1389 560 1541 627 viginti
1558 576 1768 607 annorum
1783 559 1995 623 adstante,

317 635 499 681 Tartara
511 636 721 698 Legatum
739 631 814 678 suo
825 648 946 678 more
954 632 1183 696 excipiens.

391 707 433 751 V
435 703 534 750 estes
555 701 649 749 filiae
668 720 723 749 ex
733 699 920 748 violacea
938 699 1208 748 Damascena
1226 712 1339 765 togae
1352 734 1365 758 ‚
1385 696 1730 765 dependentibus
1747 697 1802 746 ab
1813 713 1993 767 utraque

319 775 486 821 aurium
498 770 660 819 annulis
671 772 814 819 aureis.
851 768 1009 835 Capilli
1022 771 1065 816 in
1078 768 1229 816 orbem
1240 768 1355 834 plexi
1370 806 1382 828 ,
1397 768 1714 834 compositique
1724 766 1867 817 subtus
1888 788 1996 820 mar-

320 844 461 910 garitis
471 840 765 888 coruscabant:
780 838 935 887 mitella
947 838 1173 906 tegebatur
1190 857 1246 886 ex
1254 836 1388 900 junco
1398 873 1409 896 ,
1421 837 1488 885 vel
1500 839 1707 886 arundine
1718 841 1936 901 contortis,
1946 855 1996 890 ut

319 911 566 970 videbatur,
584 911 701 957 unde
712 910 870 957 floccus
881 907 1035 956 rubeus
1054 908 1214 956 sericeae
1232 907 1440 975 lanuginis
1458 906 1646 973 (plebeae
1666 907 1707 955 se
1729 907 1871 956 floccis
1885 910 1995 958 dun-

317 995 434 1029 taxat
451 1000 506 1028 ex
526 979 616 1028 seto
638 981 801 1045 equino
823 978 1032 1027 rubedine
1055 978 1192 1027 ῐίηξὶο
1214 975 1400 1042 ornant)
1417 976 1701 1043 prominebat.
1745 979 1918 1027 Tunica
1939 981 1995 1028 ad

317 1050 421 1098 talos
430 1049 525 1098 laxe
535 1050 706 1098 extensa
717 1048 892 1117 cingulo
904 1047 1022 1096 lintei
1034 1047 1174 1096 sericei
1187 1048 1378 1096 medium
1391 1046 1860 1110 stringebaturmodulis
1870 1047 1996 1116 supra

316 1120 463 1187 pefius
481 1119 642 1168 arciata.
673 1123 745 1168 Ex
756 1121 881 1186 nigro
902 1120 1023 1166 corio
1038 1117 1347 1177 calceamenta3
1368 1117 1494 1166 facies
1503 1116 1659 1182 absque
1670 1118 1773 1166 fuco
1791 1153 1804 1177 2
1816 1119 1997 1168 naturali

315 1189 649 1257 pulchritudine.
684 1192 731 1236 ln
744 1188 962 1254 spatiosam
983 1188 1216 1236 introduffi
1232 1204 1442 1235 cameram
1463 1185 1739 1253 suppellechli
1751 1205 1929 1237 vacuam
1947 1192 1996 1239 &

316 1274 491 1307 ornatu:
506 1259 675 1307 scamno
693 1257 781 1306 lato
795 1256 914 1305 siinul
926 1256 1206 1317 confidentes,
1216 1259 1284 1305 cui
1296 1255 1461 1304 villosus
1471 1271 1587 1322 tapes
1597 1255 1800 1304 instratus,
1834 1260 1998 1308 Iterum

317 1329 404 1377 The
416 1330 628 1394 potionati
645 1327 845 1383 ,bellariis
862 1327 1184 1394 excipiebamur
1195 1364 1208 1389 ‚
1227 1328 1375 1377 addita
1386 1328 1599 1376 tenuitatis
1617 1325 1915 1388 excusatione,
1934 1329 1998 1377 ob

316 1401 567 1447 maritorum
585 1397 828 1447 absentiam.

387 1471 505 1516 Cum
517 1470 761 1516 itaTartaris
769 1468 880 1516 hisce
893 1468 1384 1540 valedixissemus‚primo
1395 1472 1502 1521 intra
1512 1471 1711 1538 Ncmking,
1720 1472 1764 1520 in
1775 1470 1896 1519 edito
1905 1470 1997 1520 col-

315 1535 370 1597 le,
377 1539 553 1585 Turrim
562 1539 915 1587 Mathematicam
926 1540 1139 1591 invisimus
1151 1578 1164 1602 ,
1181 1540 1392 1609 siquidem
1403 1544 1447 1590 in
1459 1559 1507 1590 ea
1518 1544 1596 1590 tria
1609 1542 1879 1590 adservantur
1888 1539 1997 1590 illius

315 1610 411 1655 artis
420 1607 599 1656 scientiae
610 1607 900 1669 instrumenta,
908 1610 1064 1676 quibus
1074 1614 1188 1677 paria
1198 1648 1210 1670 ,
1227 1625 1301 1661 aut
1313 1611 1526 1679 superiora
1538 1613 1613 1659 vix
1626 1611 1734 1659 vidit
1744 1624 1859 1658 totus
1868 1610 1992 1660 orbis.

315 1679 510 1725 Primum
519 1673 577 1726 e‘st
593 1677 747 1746 globus
761 1716 773 1738 ‚
793 1678 865 1727 seu
884 1679 1040 1745 sphaera
1058 1680 1256 1738 coelestis,
1277 1680 1357 1730 suis
1374 1681 1616 1730 meridianis
1635 1678 1926 1746 Parallelisque
1935 1680 1998 1729 di-

315 1745 460 1796 stinsta
473 1767 482 1793 ε
504 1747 736 1796 secundum
745 1748 804 1797 est
817 1748 975 1797 armilla
988 1753 1232 1816 aequatoria,
1243 1750 1396 1818 triplici
1407 1750 1595 1799 constans
1605 1749 1763 1798 circulo
1775 1786 1787 1810 ‚
1797 1750 1998 1798 horizon-

315 1829 388 1872 te,
410 1819 670 1872 meridiam,
691 1817 934 1867 &verticali
950 1820 1110 1869 circulo
1120 1820 1381 1869 mobilicum
1393 1821 1488 1869 suos
1497 1820 1762 1887 pinnacidiis.
1792 1821 1997 1869 Tertium

317 1885 377 1933 est
392 1886 546 1952 sphaera
565 1886 777 1935 armillaris
789 1922 804 1944 ,
827 1892 1048 1956 Europaeis
1069 1890 1287 1940 simillima.
1323 1890 1569 1948 Quodlibet
1588 1890 1742 1938 horum
1762 1887 1892 1936 habet
1903 1890 1996 1938 dia-

316 1970 502 2003 metrum
515 1956 747 2005 duodecim
759 1958 920 2022 pedum
932 1995 945 2018 ,
965 1962 1111 2008 omnia
1129 1960 1226 2008 sunt
1245 1979 1301 2009 ex
1312 1978 1449 2026 cupro
1460 1962 1652 2007 inaurato
1664 1994 1675 2018 ,
1691 1961 1801 2006 miro
1812 1958 1996 2007 artificio

318 2023 531 2073 elaborata
542 2045 551 2071 ε
565 2025 710 2084 fulcra,
719 2026 872 2091 quibus
883 2026 1178 2084 sustentantur,
1189 2048 1267 2077 aere
1273 2029 1382 2077 fusili
1390 2028 1518 2077 effiffi
1531 2030 1756 2076 Dracones
1764 2027 1875 2088 sunt,
1885 2028 1996 2077 adeo

316 2095 373 2142 ad
387 2095 576 2142 amuffim
592 2113 638 2142 ac
649 2094 807 2143 affabre
830 2095 939 2144 sardia
952 2100 1121 2156 omnia,
1142 2112 1190 2147 ut
1210 2098 1315 2147 nihil
1336 2100 1380 2146 in
1400 2116 1456 2146 eo
1476 2115 1740 2164 magnopere
1761 2096 1809 2146 sit
1826 2132 1839 2156 ,
1873 2099 1996 2164 quod

316 2166 444 2211 etiam
457 2163 580 2227 Tycho
598 2164 746 2230 aliquis
760 2166 886 2231 poffit
904 2165 1151 2216 desiderare.
1184 2169 1392 2216 Trecenti
1403 2168 1538 2215 modo
1549 2169 1594 2215 8<
1604 2169 1916 2235 quinquaginta
1936 2169 1999 2217 ef-

315 2231 482 2281 fluxere
501 2236 625 2289 anni,
646 2253 702 2282 ex
714 2252 804 2300 quo
818 2236 841 2283 :i
853 2237 1040 2285 Tartaris
1049 2240 1187 2285 Ivenae
1199 2237 1366 2285 familiae
1375 2237 1464 2285 istic
1472 2237 1566 2285 sunt
1579 2236 1784 2286 collocata
1795 2272 1810 2294 ,
1829 2236 1899 2286 sed
1912 2241 1995 2304 pri-

315 2302 470 2350 stinum
483 2305 717 2351 etiamnum
729 2341 742 2364 ,
758 2323 806 2352 ac
818 2303 847 2351 si
858 2307 1044 2371 primum
1058 2325 1172 2355 nunc
1192 2306 1421 2356 fabefra&a
1431 2307 1561 2355 essent
1570 2343 1583 2366 ‚
1602 2309 1787 2356 retinent
1796 2305 1994 2372 splendo-

315 2390 417 2420 rem.
452 2373 631 2421 Deinde
645 2374 835 2438 proveffi
844 2389 967 2423 extra
977 2376 1099 2425 fossas
1109 2375 1453 2445 urbisPagodam
1473 2376 1542 2424 illa
1562 2379 1637 2424 ora
1656 2375 1994 2438 celeberrimum,
2044 2418 2046 2420 .

315 2459 447 2507 quem
472 2443 661 2491 Sinenses
688 2445 886 2505 Pmlhzxi,
906 2444 973 2492 alii
984 2446 1219 2513 Paulingjing
1233 2461 1413 2503 vocant,
1434 2444 1699 2495 visitavimus.
1735 2449 1843 2494 Non
1857 2465 1994 2500 unum

314 2529 405 2558 vox
414 2512 589 2559 ‘Paolinxi
602 2514 822 2580 Pagodam
831 2515 1011 2562 denotat
1021 2550 1033 2573 ‚
1057 2514 1128 2563 sed
1138 2515 1367 2582 spaciosam
1379 2534 1516 2565 aream
1528 2514 1679 2562 declivi
1691 2529 1841 2563 monte
1852 2518 1993 2566 adhae-

315 2594 482 2628 rentem
494 2583 614 2629 variis
621 2581 902 2631 construfiam
917 2583 1090 2645 aedibus,
1102 2586 1297 2653 PagodiS‚
1308 2585 1586 2635 Porcellanica
1597 2587 1698 2632 turri
1710 2587 1875 2645 ‚omnia
1886 2605 1994 2637 moe-

316 2649 441 2698 nibus
451 2649 618 2700 diversis
628 2651 761 2700 emita
774 2687 785 2711 ,
805 2651 1038 2719 clausaque.

384 2721 639 2769 Duodecim
652 2721 705 2769 ad
716 2721 787 2769 has
796 2721 1010 2771 strmstums
1021 2723 1219 2792 gradibus
1230 2723 1593 2774 conscendebatur
1603 2759 1615 2783 2
1634 2742 1728 2790 quae
1738 2742 1888 2773 omnes
1899 2766 1912 2786 ‚
1932 2729 1993 2775 Si-

317 2804 465 2835 narum
478 2808 599 2838 more
611 2791 746 2857 prisco
759 2825 773 2847 ,
791 2805 957 2840 tantum
968 2793 1238 2843 ostentabant
1249 2795 1474 2844 artificium
1487 2830 1499 2853 ‚
1517 2806 1565 2841 ut
1576 2795 1649 2842 vix
1659 2793 1758 2842 alibi
1771 2793 1913 2844 similia
1929 2815 1992 2844 re-

316 2859 464 2919 perias.
499 2860 728 2908 Sacrificuli
748 2864 894 2909 omnia
916 2861 1040 2910 nobis
1056 2862 1127 2911 sua
1138 2864 1264 2928 adyta
1280 2865 1522 2912 reserarunt.
1559 2865 1710 2912 Unum
1725 2882 1780 2911 ex
1789 2868 1992 2931 primariis

316 2923 511 2975 sacellum
528 2928 657 2978 millia
673 2930 823 2978 decem
844 2933 1080 2999 imaginum
1091 2951 1148 2981 ex
1160 2932 1296 2999 gypso
1305 2931 1541 2999 spe&aculo
1550 2933 1822 2998 exponebat,
1839 2933 1991 2983 colori-

317 2991 395 3041 bus
404 2999 1077 3067 auroquenonnullasvariegatas.
1111 3000 1583 3068 Dispofitae‚puparum
1595 3002 1737 3063 instar,
1758 3018 1807 3051 ut
1825 3002 1989 3063 statura,

315 3060 460 3111 locum
482 3066 714 3133 implebat,
732 3069 990 3126 minoribus,
1008 3089 1103 3137 quae
1124 3071 1181 3120 ad
1204 3073 1430 3121 minimum
1441 3070 1571 3138 palmi
1583 3072 1922 3141 magnitudinem
1937 3092 1987 3120 ae-

1790 3140 1985 3207 quabant

2111 2944 2114 3003 l
