2114 3412
342 165 409 224 eid
419 166 557 232 ῶν]
560 184 734 249 agnum
748 156 1011 227 Tartariae
1025 172 1249 253 Sinaeque
1266 172 1307 231 C
1305 169 1511 231 hamum.
1672 197 1703 242 9
1712 196 1745 241 9

102 265 358 330 putrescunt.
400 263 618 312 Masticata
637 264 858 330 strepitum
874 266 1009 314 edunt
1022 306 1037 327 ,
1071 268 1187 332 quasi
1205 269 1391 317 arenulas
1408 270 1607 318 dentibus
1624 282 1744 319 teras,

102 332 275 382 Fruffiis
286 332 424 382 similis
438 333 584 397 aliquo
594 334 729 381 modo
737 336 874 399 piperi
889 334 1112 400 longo,aut
1122 335 1281 384 lacertae
1294 339 1565 398 caudae,lndis
1579 340 1746 403 Siryboa,

103 420 150 450 ac
164 404 442 450 obraritatem
461 402 609 461 majori
628 405 669 449 in
687 406 848 467 pretio,
871 421 998 467 quam
1022 404 1200 465 folium,-
1224 406 1414 455 habetur.
1449 412 1552 456 Haec
1572 407 1673 456 folia
1697 412 1742 457 in

102 469 353 536 quibusdam
377 470 619 518 australibus
639 474 744 518 Sinae
757 473 986 536 provinciis
1002 474 1046 520 8(
1059 491 1134 538 per
1153 488 1287 521 totam
1305 475 1481 535 Indiam,
1495 495 1640 537 mane,
1652 495 1742 526 me-

104 539 225 598 ridie,
241 540 458 604 vesperi&
474 539 605 587 moestu
624 540 894 598 manduntur,
909 558 956 587 ac
969 545 1180 606 perpetim
1190 542 1381 589 manibus
1392 559 1598 593 tenentur.
1637 550 1742 594 Non

104 623 242 657 tamen
260 608 353 655 solo
376 610 510 657 [Betele
530 624 730 668 utuntur,
761 609 828 657 sed
846 609 953 657 eiad
968 613 1198 659 amaritiam
1217 614 1531 676 temperandam
1544 651 1556 673 ,
1578 618 1744 667 Arekam

102 679 148 725 &
173 694 322 741 parum
350 678 472 725 calcis
489 679 652 726 addunt
682 698 691 724 :
728 680 784 725 ita
812 693 1003 744 paratum
1027 678 1173 745 sapore
1191 679 1393 728 subdulce
1421 681 1512 729 fieri
1542 682 1739 734 referunt.

102 745 294 806 Qidam
316 748 451 795 Betele
470 747 634 795 addunt
661 749 842 811 Lycium
859 783 872 806 ,
904 748 1054 795 divites
1077 749 1324 814 Caphuram
1349 748 1403 797 de
1427 752 1597 799 Burneo
1621 788 1634 811 ,
1674 753 1745 801 alii

103 814 270 882 lignum
285 816 416 875 aloeS,
428 817 646 864 moschum
658 818 725 876 ,Sc
736 817 815 865 alia
829 832 1026 864 aromata.
1061 820 1122 864 Ita
1135 818 1283 883 sapore
1298 831 1464 883 gratum
1479 820 1551 881 fit,
1571 822 1616 867 8(
1638 821 1743 869 hali-

104 900 196 932 tum
212 887 295 932 oris
310 884 621 934 suaveolentem
636 886 797 944 reddit,
819 885 879 933 ob
901 903 1031 950 quam
1048 889 1263 951 praecipue
1279 887 1442 935 causam
1452 888 1541 951 ejus
1555 890 1744 940 mastica-

103 955 222 1003 tione
240 954 348 1001 adeo
359 953 629 1005 delectantur.
668 957 773 1002 Sinae
792 957 834 1001 in
850 957 1009 1002 mutuis
1032 955 1340 1004 visitationibus
1358 955 1460 1004 folia
1479 958 1595 1007 Betel
1611 976 1740 1007 manu

103 1037 312 1082 tenent,ac
321 1040 419 1069 cum
430 1023 572 1072 Areka
587 1025 632 1071 &
642 1023 755 1070 calce
766 1027 809 1071 in
825 1026 978 1090 patinis
989 1024 1136 1090 ligneis
1146 1061 1158 1084 ,
1182 1027 1224 1071 in
1235 1024 1546 1076 benevolentiae
1561 1027 1743 1095 signum,

102 1090 286 1139 offerunt
309 1092 478 1157 hospiti.
526 1093 648 1139 Dum
668 1107 845 1140 utuntur
867 1095 1029 1158 primO,
1048 1111 1199 1158 parum
1214 1093 1365 1141 Arekae
1376 1096 1607 1157 mandunt,
1633 1113 1741 1145 mox

101 1159 255 1209 folium
275 1160 415 1208 Betele
434 1161 535 1209 calci
556 1161 733 1221 illitum,
748 1163 959 1226 exemptis
978 1163 1094 1226 prius
1108 1164 1243 1211 nervis
1255 1179 1397 1229 ungue
1415 1165 1597 1230 pollicis,
1612 1183 1743 1232 quem

101 1244 327 1295 propterea
353 1229 533 1296 longum
567 1232 612 1278 &
639 1244 811 1277 acutum
842 1230 1012 1281 habent.
1071 1232 1342 1280 Masticatum
1365 1233 1489 1280 saliva
1521 1238 1747 1301 languinea

102 1316 150 1346 os
164 1300 328 1365 implet,
344 1316 440 1364 quae
454 1302 670 1366 expuitur.
706 1303 804 1347 Hoc
813 1299 872 1346 est
886 1317 1021 1347 unum
1035 1317 1090 1347 ex
1101 1301 1249 1360 tribus,
1257 1301 1375 1365 quod
1394 1304 1499 1352 Sinae
1510 1305 1747 1368 proverbio

101 1367 155 1415 de
176 1373 381 1439 Qantung
396 1368 551 1430 jafiant
565 1408 578 1429 ,
598 1369 800 1417 nimirum
823 1370 900 1415 tria
917 1368 1110 1416 inusitata
1125 1373 1170 1420 in
1198 1387 1246 1418 ea
1266 1371 1442 1434 regione
1456 1371 1536 1420 effe
1560 1391 1570 1417 ε
1612 1375 1748 1422 Coelum

102 1437 242 1504 absque
253 1440 404 1486 nivibus
417 1476 430 1498 ,
441 1439 589 1486 arbores
600 1438 749 1501 semper
767 1439 977 1486 viridantes
996 1440 1041 1485 8(
1052 1440 1212 1488 homines
1230 1440 1367 1486 &etele
1388 1457 1437 1486 ac
1450 1443 1580 1492 Areka
1599 1445 1662 1490 M
1657 1446 1745 1509 csti-

101 1522 242 1557 cantes.
277 1507 377 1555 Post
400 1507 566 1555 salivam
581 1506 764 1564 rubram,
779 1506 893 1554 aliud
911 1506 1163 1574 phlegmatis
1179 1525 1334 1574 genus,
1349 1509 1470 1572 quod
1485 1509 1744 1576 deglutiunt,

101 1578 299 1625 Credunt
326 1578 515 1643 gingivas
536 1579 583 1625 &
607 1576 873 1624 stomachum
911 1576 1200 1626 corroborare.
1247 1576 1366 1624 Folia
1383 1577 1632 1627 calefaciunt
1649 1618 1665 1640 ,
1699 1582 1749 1629 &

100 1648 296 1694 exiccant
311 1645 400 1694 fere
418 1645 605 1694 secundo
620 1646 765 1712 gradu.
800 1647 921 1694 Dum
932 1648 1155 1713 Magnates
1179 1645 1477 1711 alloquuntur,
1496 1647 1637 1697 Betele
1656 1666 1746 1699 ma-

100 1716 250 1765 sticant
263 1754 276 1777 ,
298 1728 346 1763 ut
354 1714 490 1763 odore
499 1734 547 1763 os
558 1713 861 1764 commendent
872 1741 886 1772 ‚-
906 1732 1005 1762 nam
1021 1715 1189 1765 summae
1197 1715 1451 1764 incivilitatis
1462 1715 1536 1776 est,
1544 1728 1658 1765 tetro
1672 1718 1747 1769 ha-

99 1786 181 1835 litu
192 1824 207 1846 ,
232 1788 279 1835 8(
305 1787 420 1851 putri
438 1784 625 1850 aliquem
643 1784 816 1849 alloqui.
854 1783 1000 1833 Solent
1023 1798 1163 1833 tamen
1182 1785 1236 1832 ab
1249 1783 1340 1847 ejus
1358 1783 1436 1832 usu
1449 1784 1654 1836 abstinere
1667 1804 1747 1853 pet

100 1855 267 1921 aliquot
283 1855 396 1915 dies,
417 1872 517 1902 cum
535 1856 628 1919 quis
644 1856 842 1920 languine
860 1851 1028 1915 jun&us
1047 1856 1158 1902 obiit
1181 1853 1228 1899 &
1247 1852 1407 1917 jejunia
1422 1854 1619 1920 quaedam
1632 1857 1742 1905 cele-

101 1925 289 1974 brantur.
323 1924 477 1972 Rideas
494 1941 595 1971 vero
614 1925 741 1982 viros,
753 1926 856 1972 ut&
872 1923 1135 1972 mulierculas
1152 1923 1302 1970 itidem
1316 1925 1507 1984 insanire,
1516 1924 1620 1973 sicut
1632 1928 1742 1973 Ger-

102 1996 250 2044 maniae
270 1998 510 2043 Amazones
532 1994 615 2040 ruri
640 1992 777 2040 fistula
791 2030 804 2053 ,
836 1991 892 2040 fic
906 2006 955 2039 ut
973 1992 1062 2040 haec
1077 1991 1205 2042 herba
1227 1994 1279 2040 ad
1296 1994 1473 2041 cervical
1487 1993 1741 2042 dormituras

107 2063 383 2129 praestoletur.

173 2131 298 2179 Haud
313 2132 442 2198 longe
461 2151 484 2179 a
502 2135 631 2182 Surda
640 2131 698 2178 est
708 2132 837 2180 insula
858 2135 953 2180 Palo
966 2135 998 2182 S
1001 2147 1071 2182 e’ve
1075 2134 1120 2199 [31
1130 2130 1218 2194 ,cuj
1226 2149 1270 2179 us
1281 2133 1438 2197 gemini
1457 2146 1624 2182 montes
1634 2131 1742 2182 ultra

104 2203 277 2249 OEantam
299 2201 546 2266 conspicui,
580 2220 673 2265 quae
697 2201 882 2249 Betelem
905 2202 990 2249 sine
1009 2203 1171 2249 cultura
1192 2201 1392 2265 producit
1412 2242 1426 2262 ‚
1460 2202 1574 2250 unde
1591 2201 1764 2268 Javani,
1800 2246 1801 2249 ,

102 2269 333 2334 cymbatim
349 2287 442 2317 earn
457 2270 675 2327 auferunt,
689 2285 808 2317 tanto
824 2271 1058 2317 chariorem
1070 2269 1210 2335 ,quod
1232 2271 1372 2316 urticis
1391 2272 1601 2335 permixta
1619 2269 1744 2317 nudis

102 2338 423 2398 collectoribus,
450 2338 517 2386 vel
534 2338 775 2385 triduanum
795 2356 848 2384 ex
861 2337 1035 2403 pustulis
1054 2336 1294 2385 ardentibus
1307 2337 1744 2401 dplorenivindicent.

103 2409 216 2455 Duae
233 2409 453 2455 viciniores
470 2406 609 2454 insulae
621 2406 803 2454 Betelam
815 2407 932 2454 alunt
942 2444 954 2465 ,
972 2407 1040 2455 sed
1057 2408 1239 2472 parciuS,
1264 2407 1309 2452 8(
1319 2408 1456 2454 minus
1466 2406 1720 2457 laudabilem
1731 2443 1745 2467 a

104 2476 165 2524 ob
179 2476 399 2525 arenosum
410 2476 599 2541 sulphuri
618 2477 877 2539 permixtum
897 2475 1045 2524 solum.
1080 2474 1328 2541 Tyronibus
1346 2474 1557 2524 suboritur
1573 2478 1743 2540 vertigo

104 2544 288 2605 ebriosa,
304 2545 416 2593 haud
432 2547 544 2594 secus
562 2563 608 2591 ac
629 2546 652 2591 ὲ
670 2545 792 2592 fumo
802 2544 936 2591 tabaci
960 2564 969 2590 :
997 2541 1291 2609 navigantibus
1309 2545 1352 2591 in
1362 2545 1438 2593 usu
1456 2543 1739 2609 suntpastilli3

106 2632 162 2662 ex
172 2613 441 2662 convolvulis
456 2614 644 2662 conflati.
678 2617 723 2660 ln
735 2613 1068 2673 mediterraneis,
1091 2613 1164 2659 ubi
1180 2613 1318 2661 nullus
1328 2615 1480 2663 Betelae
1489 2626 1743 2679 proventus,

106 2684 340 2730 maximum
354 2683 443 2746 ejus
458 2682 711 2732 desiderium
733 2700 782 2730 ac
800 2683 995 2746 pretium.
1028 2684 1271 2746 Feruntque
1296 2684 1555 2731 Nicomoxam
1572 2683 1745 2748 Regem

106 2752 271 2799 Decani
287 2751 454 2817 singulis
472 2756 588 2800 annis
606 2771 661 2798 ex
681 2752 765 2798 lioc
787 2753 1065 2798 mercimonio
1076 2752 1283 2798 tributum
1306 2769 1456 2816 capere
1474 2752 1610 2798 tricies
1626 2751 1744 2800 mille

107 2837 343 2870 aureorum.
383 2820 518 2882 Hujus
529 2822 641 2870 foliis
661 2834 865 2868 ornantur
879 2821 1072 2867 convivia
1085 2857 1097 2879 ,
1109 2823 1153 2868 &
1169 2820 1441 2867 dimittuntur
1456 2820 1670 2886 gratiffimi
1688 2819 1743 2866 ad

107 2890 462 2952 peregrinationes
475 2891 580 2948 ,sive
592 2891 775 2956 hospites
791 2927 803 2948 ,
820 2888 904 2935 sive
918 2888 1151 2936 domestici.
1186 2892 1326 2954 Reges
1340 2891 1435 2936 viris
1453 2888 1745 2937 nobilioribus

107 2973 234 3004 manu
249 2959 434 3021 propria,
445 2961 708 3007 tenuioribus
725 2959 861 3006 altena
872 2957 1052 3004 tradunt.
1087 2960 1249 3004 Eorum
1261 2959 1513 3006 Mandatarii
1530 2958 1744 3008 sacculum

107 3026 461 3073 convolvularum
476 3031 690 3094 accipiunt
702 3066 715 3088 ,
732 3030 805 3092 qui
824 3028 1114 3074 itinerantibus
1134 3030 1388 3094 porrigunt,
1409 3027 1606 3095 adeoque
1617 3027 1743 3091 hujus

107 3093 246 3144 herbae
260 3096 564 3161 monopolium
583 3101 722 3164 Reges
742 3098 811 3144 hic
829 3096 904 3144 sibi
920 3094 1097 3144 servant.
1695 3160 1715 3210 Ι

1032 3182 1063 3212 n
1099 3182 1124 3211 2
1717 3179 1746 3209 n
