<?xml version="1.0" encoding="UTF-8"?>
<!DOCTYPE html PUBLIC "-//W3C//DTD XHTML 1.0 Transitional//EN"
    "http://www.w3.org/TR/xhtml1/DTD/xhtml1-transitional.dtd">
<html xmlns="http://www.w3.org/1999/xhtml" xml:lang="en" lang="en">
 <head>
  <title>
</title>
<meta http-equiv="Content-Type" content="text/html;charset=utf-8" />
  <meta name='ocr-system' content='tesseract 3.04.00' />
  <meta name='ocr-capabilities' content='ocr_page ocr_carea ocr_par ocr_line ocrx_word'/>
</head>
<body>
  <div class='ocr_page' id='page_1' title='image "./legatiobatavicaa00nieu_0399.png"; bbox 0 0 2050 3412; ppageno 0'>
   <div class='ocr_carea' id='block_1_1' title="bbox 332 149 1730 239">
    <p class='ocr_par' dir='ltr' id='par_1_1' title="bbox 332 149 1730 239">
     <span class='ocr_line' id='line_1_1' title="bbox 332 149 1730 239; baseline 0.007 -28"><span class='ocrx_word' id='word_1_1' title='bbox 332 150 399 211; x_wconf 80' lang='lat' dir='ltr'>ad</span> <span class='ocrx_word' id='word_1_2' title='bbox 410 152 725 236; x_wconf 63' lang='lat' dir='ltr'>Magnum</span> <span class='ocrx_word' id='word_1_3' title='bbox 740 149 996 213; x_wconf 72' lang='lat' dir='ltr'>Tartariae</span> <span class='ocrx_word' id='word_1_4' title='bbox 1013 159 1235 239; x_wconf 76' lang='lat' dir='ltr'>Simeque</span> <span class='ocrx_word' id='word_1_5' title='bbox 1256 157 1298 217; x_wconf 87' lang='lat' dir='ltr'><em>C</em></span> <span class='ocrx_word' id='word_1_6' title='bbox 1295 156 1503 218; x_wconf 76' lang='lat' dir='ltr'>hamum.</span> <span class='ocrx_word' id='word_1_7' title='bbox 1636 184 1660 221; x_wconf 76' lang='grc' dir='ltr'>Ι</span> <span class='ocrx_word' id='word_1_8' title='bbox 1675 190 1695 233; x_wconf 82' lang='lat'><em>3</em></span> <span class='ocrx_word' id='word_1_9' title='bbox 1708 191 1730 235; x_wconf 83' lang='lat'><em>3</em></span> 
     </span>
    </p>
   </div>
   <div class='ocr_carea' id='block_1_2' title="bbox 73 252 1900 3156">
    <p class='ocr_par' dir='ltr' id='par_1_2' title="bbox 77 252 1900 529">
     <span class='ocr_line' id='line_1_2' title="bbox 82 252 1900 324; baseline 0 -21"><span class='ocrx_word' id='word_1_10' title='bbox 82 271 177 307; x_wconf 71' lang='lat' dir='ltr'>tum</span> <span class='ocrx_word' id='word_1_11' title='bbox 189 253 335 315; x_wconf 84' lang='lat' dir='ltr'>occisi,</span> <span class='ocrx_word' id='word_1_12' title='bbox 347 253 601 302; x_wconf 87' lang='lat' dir='ltr'>filiomunus</span> <span class='ocrx_word' id='word_1_13' title='bbox 611 253 696 300; x_wconf 91' lang='lat' dir='ltr'>hoc</span> <span class='ocrx_word' id='word_1_14' title='bbox 709 252 950 302; x_wconf 87' lang='lat' dir='ltr'>demandat.</span> <span class='ocrx_word' id='word_1_15' title='bbox 986 258 1021 301; x_wconf 85' lang='lat' dir='ltr'>Is</span> <span class='ocrx_word' id='word_1_16' title='bbox 1034 260 1160 320; x_wconf 76' lang='lat' dir='ltr'>patris</span> <span class='ocrx_word' id='word_1_17' title='bbox 1170 258 1376 323; x_wconf 82' lang='lat' dir='ltr'>exemplo</span> <span class='ocrx_word' id='word_1_18' title='bbox 1391 260 1551 324; x_wconf 81' lang='lat' dir='ltr'>sapiens</span> <span class='ocrx_word' id='word_1_19' title='bbox 1565 297 1576 317; x_wconf 83' lang='lat'>,</span> <span class='ocrx_word' id='word_1_20' title='bbox 1594 260 1734 307; x_wconf 86' lang='lat' dir='ltr'>trede-</span> <span class='ocrx_word' id='word_1_21' title='bbox 1750 273 1900 317; x_wconf 63' lang='lat' dir='ltr'>aquarum</span> 
     </span>
     <span class='ocr_line' id='line_1_3' title="bbox 80 321 1881 389; baseline 0.002 -18"><span class='ocrx_word' id='word_1_22' title='bbox 80 327 165 372; x_wconf 86' lang='lat' dir='ltr'>cim</span> <span class='ocrx_word' id='word_1_23' title='bbox 181 341 389 372; x_wconf 85' lang='lat' dir='ltr'>annorum</span> <span class='ocrx_word' id='word_1_24' title='bbox 400 323 534 389; x_wconf 89' lang='lat' dir='ltr'>spatio</span> <span class='ocrx_word' id='word_1_25' title='bbox 545 335 657 368; x_wconf 86' lang='lat' dir='ltr'>tanta</span> <span class='ocrx_word' id='word_1_26' title='bbox 667 322 886 388; x_wconf 84' lang='lat' dir='ltr'>diligentia</span> <span class='ocrx_word' id='word_1_27' title='bbox 896 325 1057 371; x_wconf 83' lang='lat' dir='ltr'>curavit</span> <span class='ocrx_word' id='word_1_28' title='bbox 1069 328 1292 388; x_wconf 83' lang='lat' dir='ltr'>negotium</span> <span class='ocrx_word' id='word_1_29' title='bbox 1304 363 1315 385; x_wconf 78' lang='grc'>,</span> <span class='ocrx_word' id='word_1_30' title='bbox 1334 330 1396 374; x_wconf 88' lang='lat' dir='ltr'>uti</span> <span class='ocrx_word' id='word_1_31' title='bbox 1413 328 1585 375; x_wconf 85' lang='lat' dir='ltr'>tandem</span> <span class='ocrx_word' id='word_1_32' title='bbox 1597 330 1731 376; x_wconf 77' lang='lat' dir='ltr'>maxi·</span> <span class='ocrx_word' id='word_1_33' title='bbox 1750 321 1881 386; x_wconf 48' lang='lat' dir='ltr'>Sffiff&#39;m</span> 
     </span>
     <span class='ocr_line' id='line_1_4' title="bbox 79 387 1878 457; baseline 0.002 -16"><span class='ocrx_word' id='word_1_34' title='bbox 79 409 155 442; x_wconf 85' lang='lat' dir='ltr'>mo</span> <span class='ocrx_word' id='word_1_35' title='bbox 169 393 405 441; x_wconf 85' lang='lat' dir='ltr'>incolarum</span> <span class='ocrx_word' id='word_1_36' title='bbox 423 391 545 439; x_wconf 91' lang='lat' dir='ltr'>bono</span> <span class='ocrx_word' id='word_1_37' title='bbox 573 393 721 457; x_wconf 83' lang='lat' dir='ltr'>ingens</span> <span class='ocrx_word' id='word_1_38' title='bbox 731 410 840 456; x_wconf 85' lang='lat' dir='ltr'>opus</span> <span class='ocrx_word' id='word_1_39' title='bbox 856 392 908 438; x_wconf 91' lang='lat' dir='ltr'>ad</span> <span class='ocrx_word' id='word_1_40' title='bbox 928 393 1059 440; x_wconf 85' lang='lat' dir='ltr'>finem</span> <span class='ocrx_word' id='word_1_41' title='bbox 1081 387 1322 442; x_wconf 75' lang='lat' dir='ltr'>adduceret.</span> <span class='ocrx_word' id='word_1_42' title='bbox 1367 396 1507 456; x_wconf 83' lang='lat' dir='ltr'>Ajunt</span> <span class='ocrx_word' id='word_1_43' title='bbox 1526 416 1626 445; x_wconf 89' lang='lat' dir='ltr'>eum</span> <span class='ocrx_word' id='word_1_44' title='bbox 1647 399 1732 446; x_wconf 86' lang='lat' dir='ltr'>hoc</span> <span class='ocrx_word' id='word_1_45' title='bbox 1749 396 1878 428; x_wconf 53' lang='lat' dir='ltr'>ffiOfflss*</span> 
     </span>
     <span class='ocr_line' id='line_1_5' title="bbox 77 459 1729 529; baseline 0.002 -19"><span class='ocrx_word' id='word_1_46' title='bbox 77 478 291 511; x_wconf 82' lang='lat' dir='ltr'>annorum</span> <span class='ocrx_word' id='word_1_47' title='bbox 306 459 480 509; x_wconf 89' lang='lat' dir='ltr'>decursu</span> <span class='ocrx_word' id='word_1_48' title='bbox 499 459 604 524; x_wconf 79' lang='lat' dir='ltr'>saepe</span> <span class='ocrx_word' id='word_1_49' title='bbox 619 461 705 507; x_wconf 82' lang='lat' dir='ltr'>suas</span> <span class='ocrx_word' id='word_1_50' title='bbox 725 461 832 509; x_wconf 77' lang='lat' dir='ltr'>aedes</span> <span class='ocrx_word' id='word_1_51' title='bbox 857 463 1212 527; x_wconf 74' lang='lat' dir='ltr'>praetergressum,</span> <span class='ocrx_word' id='word_1_52' title='bbox 1245 480 1464 529; x_wconf 85' lang='lat' dir='ltr'>nunquam</span> <span class='ocrx_word' id='word_1_53' title='bbox 1488 465 1575 514; x_wconf 91' lang='lat' dir='ltr'>illic</span> <span class='ocrx_word' id='word_1_54' title='bbox 1589 468 1729 514; x_wconf 88' lang='lat' dir='ltr'>diver-</span> 
     </span>
    </p>

    <p class='ocr_par' dir='ltr' id='par_1_3' title="bbox 79 528 1730 667">
     <span class='ocr_line' id='line_1_6' title="bbox 80 528 1730 601; baseline 0.003 -22"><span class='ocrx_word' id='word_1_55' title='bbox 80 531 187 590; x_wconf 77' lang='lat' dir='ltr'>tisse,</span> <span class='ocrx_word' id='word_1_56' title='bbox 199 529 362 592; x_wconf 80' lang='lat' dir='ltr'>nequid</span> <span class='ocrx_word' id='word_1_57' title='bbox 373 531 579 594; x_wconf 86' lang='lat' dir='ltr'>temporis</span> <span class='ocrx_word' id='word_1_58' title='bbox 594 528 667 576; x_wconf 76' lang='lat' dir='ltr'>{ibi</span> <span class='ocrx_word' id='word_1_59' title='bbox 686 530 1093 595; x_wconf 84' lang='lat' dir='ltr'>deperiret,exsequi</span> <span class='ocrx_word' id='word_1_60' title='bbox 1110 534 1221 597; x_wconf 83' lang='lat' dir='ltr'>regia</span> <span class='ocrx_word' id='word_1_61' title='bbox 1234 531 1335 590; x_wconf 73' lang='lat' dir='ltr'>julla</span> <span class='ocrx_word' id='word_1_62' title='bbox 1349 533 1575 582; x_wconf 87' lang='lat' dir='ltr'>festinanti.</span> <span class='ocrx_word' id='word_1_63' title='bbox 1602 538 1730 601; x_wconf 87' lang='lat' dir='ltr'>Opus</span> 
     </span>
     <span class='ocr_line' id='line_1_7' title="bbox 79 598 1727 667; baseline 0.001 -18"><span class='ocrx_word' id='word_1_64' title='bbox 79 601 262 649; x_wconf 88' lang='lat' dir='ltr'>omnino</span> <span class='ocrx_word' id='word_1_65' title='bbox 272 599 545 665; x_wconf 76' lang='lat' dir='ltr'>stupendum,</span> <span class='ocrx_word' id='word_1_66' title='bbox 560 600 605 645; x_wconf 87' lang='lat'>&amp;</span> <span class='ocrx_word' id='word_1_67' title='bbox 616 600 699 658; x_wconf 81' lang='lat' dir='ltr'>cui,</span> <span class='ocrx_word' id='word_1_68' title='bbox 714 598 871 658; x_wconf 80' lang='lat' dir='ltr'>nescio,</span> <span class='ocrx_word' id='word_1_69' title='bbox 885 602 990 647; x_wconf 86' lang='lat' dir='ltr'>auin</span> <span class='ocrx_word' id='word_1_70' title='bbox 1003 613 1100 647; x_wconf 91' lang='lat' dir='ltr'>toto</span> <span class='ocrx_word' id='word_1_71' title='bbox 1115 614 1317 647; x_wconf 88' lang='lat' dir='ltr'>terrarum</span> <span class='ocrx_word' id='word_1_72' title='bbox 1333 604 1438 649; x_wconf 87' lang='lat' dir='ltr'>orbe</span> <span class='ocrx_word' id='word_1_73' title='bbox 1453 620 1528 667; x_wconf 81' lang='lat' dir='ltr'>par</span> <span class='ocrx_word' id='word_1_74' title='bbox 1550 604 1629 651; x_wconf 80' lang='lat' dir='ltr'>effe</span> <span class='ocrx_word' id='word_1_75' title='bbox 1641 622 1727 652; x_wconf 84' lang='lat' dir='ltr'>cre-</span> 
     </span>
    </p>

    <p class='ocr_par' dir='ltr' id='par_1_4' title="bbox 76 667 1731 874">
     <span class='ocr_line' id='line_1_8' title="bbox 76 667 1729 736; baseline 0.001 -19"><span class='ocrx_word' id='word_1_76' title='bbox 76 669 189 718; x_wconf 86' lang='lat' dir='ltr'>dam.</span> <span class='ocrx_word' id='word_1_77' title='bbox 235 667 413 715; x_wconf 78' lang='lat' dir='ltr'>Exstant</span> <span class='ocrx_word' id='word_1_78' title='bbox 436 670 669 715; x_wconf 80' lang='lat' dir='ltr'>etiamnum</span> <span class='ocrx_word' id='word_1_79' title='bbox 696 667 805 715; x_wconf 88' lang='lat' dir='ltr'>illius</span> <span class='ocrx_word' id='word_1_80' title='bbox 829 668 942 733; x_wconf 87' lang='lat' dir='ltr'>apud</span> <span class='ocrx_word' id='word_1_81' title='bbox 966 670 1080 715; x_wconf 89' lang='lat' dir='ltr'>Sinas</span> <span class='ocrx_word' id='word_1_82' title='bbox 1106 668 1290 734; x_wconf 76' lang='lat' dir='ltr'>vestigia.</span> <span class='ocrx_word' id='word_1_83' title='bbox 1334 673 1525 736; x_wconf 87' lang='lat' dir='ltr'>Ingentia</span> <span class='ocrx_word' id='word_1_84' title='bbox 1547 675 1662 720; x_wconf 86' lang='lat' dir='ltr'>enim</span> <span class='ocrx_word' id='word_1_85' title='bbox 1683 675 1729 720; x_wconf 73' lang='lat'>8&lt;</span> 
     </span>
     <span class='ocr_line' id='line_1_9' title="bbox 79 737 1731 807; baseline 0.002 -22"><span class='ocrx_word' id='word_1_86' title='bbox 79 738 254 786; x_wconf 90' lang='lat' dir='ltr'>navium</span> <span class='ocrx_word' id='word_1_87' title='bbox 274 738 443 802; x_wconf 83' lang='lat' dir='ltr'>capacia</span> <span class='ocrx_word' id='word_1_88' title='bbox 461 737 638 785; x_wconf 84' lang='lat' dir='ltr'>flumina</span> <span class='ocrx_word' id='word_1_89' title='bbox 661 755 737 802; x_wconf 79' lang='lat' dir='ltr'>per</span> <span class='ocrx_word' id='word_1_90' title='bbox 750 737 891 785; x_wconf 86' lang='lat' dir='ltr'>alveos</span> <span class='ocrx_word' id='word_1_91' title='bbox 903 755 1021 803; x_wconf 85' lang='lat' dir='ltr'>pares</span> <span class='ocrx_word' id='word_1_92' title='bbox 1046 738 1252 797; x_wconf 73' lang='lat' dir='ltr'>derivata3</span> <span class='ocrx_word' id='word_1_93' title='bbox 1278 753 1444 786; x_wconf 88' lang='lat' dir='ltr'>montes</span> <span class='ocrx_word' id='word_1_94' title='bbox 1462 740 1612 806; x_wconf 79' lang='lat' dir='ltr'><strong>integri</strong></span> <span class='ocrx_word' id='word_1_95' title='bbox 1634 759 1731 807; x_wconf 90' lang='lat' dir='ltr'>per-</span> 
     </span>
     <span class='ocr_line' id='line_1_10' title="bbox 78 805 1730 874; baseline 0.001 -19"><span class='ocrx_word' id='word_1_96' title='bbox 78 805 304 867; x_wconf 69' lang='lat' dir='ltr'>foffi3al&#39;1bi</span> <span class='ocrx_word' id='word_1_97' title='bbox 314 807 426 855; x_wconf 88' lang='lat' dir='ltr'>lacus</span> <span class='ocrx_word' id='word_1_98' title='bbox 442 810 486 855; x_wconf 86' lang='lat'>&amp;</span> <span class='ocrx_word' id='word_1_99' title='bbox 499 806 671 872; x_wconf 77' lang='lat' dir='ltr'>paludes</span> <span class='ocrx_word' id='word_1_100' title='bbox 682 806 896 855; x_wconf 73' lang='lat' dir='ltr'>exsiccatae</span> <span class='ocrx_word' id='word_1_101' title='bbox 913 835 925 864; x_wconf 87' lang='lat'>,-</span> <span class='ocrx_word' id='word_1_102' title='bbox 950 809 1049 855; x_wconf 89' lang='lat' dir='ltr'>alibi</span> <span class='ocrx_word' id='word_1_103' title='bbox 1069 806 1218 873; x_wconf 83' lang='lat' dir='ltr'>egestis</span> <span class='ocrx_word' id='word_1_104' title='bbox 1238 809 1463 874; x_wconf 78' lang='lat' dir='ltr'>aggeribus</span> <span class='ocrx_word' id='word_1_105' title='bbox 1481 827 1600 874; x_wconf 82' lang='lat' dir='ltr'>aquae</span> <span class='ocrx_word' id='word_1_106' title='bbox 1613 814 1655 859; x_wconf 91' lang='lat' dir='ltr'>in</span> <span class='ocrx_word' id='word_1_107' title='bbox 1671 811 1730 858; x_wconf 37' lang='lat' dir='ltr'>lah</span> 
     </span>
    </p>

    <p class='ocr_par' dir='ltr' id='par_1_5' title="bbox 77 874 1727 936">
     <span class='ocr_line' id='line_1_11' title="bbox 77 874 1727 936; baseline 0.002 -13"><span class='ocrx_word' id='word_1_108' title='bbox 77 893 178 923; x_wconf 88' lang='lat' dir='ltr'>cum</span> <span class='ocrx_word' id='word_1_109' title='bbox 189 874 345 925; x_wconf 52' lang='lat' dir='ltr'>madae</span> <span class='ocrx_word' id='word_1_110' title='bbox 359 899 371 935; x_wconf 79' lang='lat'><em>3</em></span> <span class='ocrx_word' id='word_1_111' title='bbox 388 876 510 924; x_wconf 88' lang='lat' dir='ltr'>fluvii</span> <span class='ocrx_word' id='word_1_112' title='bbox 521 875 698 936; x_wconf 85' lang='lat' dir='ltr'>majores</span> <span class='ocrx_word' id='word_1_113' title='bbox 710 878 751 922; x_wconf 90' lang='lat' dir='ltr'>in</span> <span class='ocrx_word' id='word_1_114' title='bbox 766 876 873 922; x_wconf 86' lang='lat' dir='ltr'>duos</span> <span class='ocrx_word' id='word_1_115' title='bbox 886 877 1018 923; x_wconf 83' lang='lat' dir='ltr'>tresve</span> <span class='ocrx_word' id='word_1_116' title='bbox 1034 895 1173 924; x_wconf 88' lang='lat' dir='ltr'>amnes</span> <span class='ocrx_word' id='word_1_117' title='bbox 1185 876 1401 936; x_wconf 83' lang='lat' dir='ltr'>divifi,aut</span> <span class='ocrx_word' id='word_1_118' title='bbox 1413 880 1456 925; x_wconf 92' lang='lat' dir='ltr'>in</span> <span class='ocrx_word' id='word_1_119' title='bbox 1467 896 1580 927; x_wconf 87' lang='lat' dir='ltr'>mare</span> <span class='ocrx_word' id='word_1_120' title='bbox 1590 880 1727 928; x_wconf 87' lang='lat' dir='ltr'>dedu-</span> 
     </span>
    </p>

    <p class='ocr_par' dir='ltr' id='par_1_6' title="bbox 77 945 1733 1012">
     <span class='ocr_line' id='line_1_12' title="bbox 77 945 1733 1012; baseline 0.002 -18"><span class='ocrx_word' id='word_1_121' title='bbox 77 945 150 1005; x_wconf 58' lang='grc' dir='ltr'>ὣς</span> <span class='ocrx_word' id='word_1_122' title='bbox 162 945 278 992; x_wconf 91' lang='lat' dir='ltr'>unde</span> <span class='ocrx_word' id='word_1_123' title='bbox 287 946 433 1012; x_wconf 89' lang='lat' dir='ltr'>ingens</span> <span class='ocrx_word' id='word_1_124' title='bbox 449 959 648 993; x_wconf 87' lang='lat' dir='ltr'>terrarum</span> <span class='ocrx_word' id='word_1_125' title='bbox 661 946 855 1009; x_wconf 81' lang='lat' dir='ltr'>planities</span> <span class='ocrx_word' id='word_1_126' title='bbox 874 946 1003 1011; x_wconf 88' lang='lat' dir='ltr'>longe</span> <span class='ocrx_word' id='word_1_127' title='bbox 1019 946 1187 1010; x_wconf 81' lang='lat' dir='ltr'>lateque</span> <span class='ocrx_word' id='word_1_128' title='bbox 1203 946 1350 993; x_wconf 78' lang='lat' dir='ltr'>diffusa</span> <span class='ocrx_word' id='word_1_129' title='bbox 1365 949 1550 996; x_wconf 81' lang='lat' dir='ltr'>emicuit.</span> <span class='ocrx_word' id='word_1_130' title='bbox 1731 996 1733 998; x_wconf 82' lang='grc'>.</span> 
     </span>
    </p>

    <p class='ocr_par' dir='ltr' id='par_1_7' title="bbox 75 1013 1728 1356">
     <span class='ocr_line' id='line_1_13' title="bbox 146 1013 1728 1081; baseline 0.003 -19"><span class='ocrx_word' id='word_1_131' title='bbox 146 1019 245 1062; x_wconf 84' lang='lat' dir='ltr'>Hoc</span> <span class='ocrx_word' id='word_1_132' title='bbox 260 1013 429 1072; x_wconf 81' lang='lat' dir='ltr'>labore,</span> <span class='ocrx_word' id='word_1_133' title='bbox 454 1015 513 1060; x_wconf 89' lang='lat' dir='ltr'>uti</span> <span class='ocrx_word' id='word_1_134' title='bbox 529 1015 756 1061; x_wconf 80' lang='lat' dir='ltr'>&amp;eximiis</span> <span class='ocrx_word' id='word_1_135' title='bbox 767 1014 1017 1074; x_wconf 72' lang='lat' dir='ltr'>virtutibus,</span> <span class='ocrx_word' id='word_1_136' title='bbox 1049 1015 1204 1081; x_wconf 78' lang='lat' dir='ltr'>quibus</span> <span class='ocrx_word' id='word_1_137' title='bbox 1224 1016 1566 1065; x_wconf 74' lang='lat' dir='ltr'>Yuusexcellebat</span> <span class='ocrx_word' id='word_1_138' title='bbox 1578 1057 1591 1077; x_wconf 87' lang='lat'><em>‚</em></span> <span class='ocrx_word' id='word_1_139' title='bbox 1618 1018 1728 1066; x_wconf 86' lang='lat' dir='ltr'>adeo</span> 
     </span>
     <span class='ocr_line' id='line_1_14' title="bbox 75 1081 1727 1151; baseline 0.001 -20"><span class='ocrx_word' id='word_1_140' title='bbox 75 1081 154 1131; x_wconf 85' lang='lat' dir='ltr'>fibi</span> <span class='ocrx_word' id='word_1_141' title='bbox 172 1084 571 1140; x_wconf 79' lang='lat' dir='ltr'>Xunumdemeruit,</span> <span class='ocrx_word' id='word_1_142' title='bbox 594 1097 641 1131; x_wconf 84' lang='lat' dir='ltr'>ut</span> <span class='ocrx_word' id='word_1_143' title='bbox 656 1084 823 1130; x_wconf 82' lang='lat' dir='ltr'>suismet</span> <span class='ocrx_word' id='word_1_144' title='bbox 834 1083 928 1130; x_wconf 80' lang='lat' dir='ltr'>filiis</span> <span class='ocrx_word' id='word_1_145' title='bbox 947 1083 1199 1148; x_wconf 76' lang='lat' dir='ltr'>posthabitis</span> <span class='ocrx_word' id='word_1_146' title='bbox 1218 1083 1392 1133; x_wconf 85' lang='lat' dir='ltr'>illumin</span> <span class='ocrx_word' id='word_1_147' title='bbox 1408 1087 1577 1151; x_wconf 86' lang='lat' dir='ltr'>Imperii</span> <span class='ocrx_word' id='word_1_148' title='bbox 1597 1087 1727 1134; x_wconf 87' lang='lat' dir='ltr'>socie-</span> 
     </span>
     <span class='ocr_line' id='line_1_15' title="bbox 80 1151 1723 1217; baseline 0.002 -17"><span class='ocrx_word' id='word_1_149' title='bbox 80 1166 211 1200; x_wconf 84' lang='lat' dir='ltr'>tatem</span> <span class='ocrx_word' id='word_1_150' title='bbox 232 1151 462 1202; x_wconf 82' lang='lat' dir='ltr'>adsciverit.</span> <span class='ocrx_word' id='word_1_151' title='bbox 502 1156 601 1199; x_wconf 77' lang='lat' dir='ltr'>Hoc</span> <span class='ocrx_word' id='word_1_152' title='bbox 613 1191 625 1211; x_wconf 84' lang='grc'>,</span> <span class='ocrx_word' id='word_1_153' title='bbox 645 1153 765 1216; x_wconf 85' lang='lat' dir='ltr'>quod</span> <span class='ocrx_word' id='word_1_154' title='bbox 785 1170 922 1200; x_wconf 89' lang='lat' dir='ltr'>rarum</span> <span class='ocrx_word' id='word_1_155' title='bbox 941 1152 1021 1209; x_wconf 73' lang='lat' dir='ltr'>est,</span> <span class='ocrx_word' id='word_1_156' title='bbox 1048 1170 1181 1200; x_wconf 88' lang='lat' dir='ltr'>annos</span> <span class='ocrx_word' id='word_1_157' title='bbox 1201 1153 1487 1217; x_wconf 85' lang='lat' dir='ltr'>septendecim</span> <span class='ocrx_word' id='word_1_158' title='bbox 1513 1156 1723 1204; x_wconf 88' lang='lat' dir='ltr'>concordi</span> 
     </span>
     <span class='ocr_line' id='line_1_16' title="bbox 76 1220 1725 1288; baseline 0.002 -20"><span class='ocrx_word' id='word_1_159' title='bbox 76 1220 285 1287; x_wconf 83' lang='lat' dir='ltr'>potestate</span> <span class='ocrx_word' id='word_1_160' title='bbox 300 1236 486 1270; x_wconf 87' lang='lat' dir='ltr'>tenuere.</span> <span class='ocrx_word' id='word_1_161' title='bbox 523 1223 738 1269; x_wconf 84' lang='lat' dir='ltr'>Nimirum</span> <span class='ocrx_word' id='word_1_162' title='bbox 749 1221 871 1269; x_wconf 84' lang='lat' dir='ltr'>facile</span> <span class='ocrx_word' id='word_1_163' title='bbox 883 1221 991 1269; x_wconf 88' lang='lat' dir='ltr'>duos</span> <span class='ocrx_word' id='word_1_164' title='bbox 1005 1223 1118 1287; x_wconf 73' lang='lat' dir='ltr'>capit</span> <span class='ocrx_word' id='word_1_165' title='bbox 1137 1239 1333 1287; x_wconf 65' lang='lat' dir='ltr'>regnum,</span> <span class='ocrx_word' id='word_1_166' title='bbox 1347 1223 1468 1287; x_wconf 81' lang='lat' dir='ltr'>quod</span> <span class='ocrx_word' id='word_1_167' title='bbox 1480 1242 1630 1288; x_wconf 78' lang='lat' dir='ltr'>capere</span> <span class='ocrx_word' id='word_1_168' title='bbox 1641 1227 1725 1272; x_wconf 40' lang='lat' dir='ltr'>vir*</span> 
     </span>
     <span class='ocr_line' id='line_1_17' title="bbox 78 1289 387 1356; baseline 0.003 -18"><span class='ocrx_word' id='word_1_169' title='bbox 78 1304 214 1338; x_wconf 90' lang='lat' dir='ltr'>tutem</span> <span class='ocrx_word' id='word_1_170' title='bbox 234 1289 387 1356; x_wconf 88' lang='lat' dir='ltr'>potest.</span> 
     </span>
    </p>

    <p class='ocr_par' dir='ltr' id='par_1_8' title="bbox 142 1357 1726 1427">
     <span class='ocr_line' id='line_1_18' title="bbox 142 1357 1726 1427; baseline -0.001 -18"><span class='ocrx_word' id='word_1_171' title='bbox 142 1363 328 1409; x_wconf 89' lang='lat' dir='ltr'>Mortuo</span> <span class='ocrx_word' id='word_1_172' title='bbox 346 1369 407 1411; x_wconf 83' lang='lat' dir='ltr'><em>X</em></span> <span class='ocrx_word' id='word_1_173' title='bbox 409 1379 479 1406; x_wconf 81' lang='lat' dir='ltr'>uno</span> <span class='ocrx_word' id='word_1_174' title='bbox 493 1358 583 1419; x_wconf 83' lang='lat' dir='ltr'>ejus</span> <span class='ocrx_word' id='word_1_175' title='bbox 604 1359 713 1406; x_wconf 83' lang='lat' dir='ltr'>filius</span> <span class='ocrx_word' id='word_1_176' title='bbox 728 1363 844 1407; x_wconf 74' lang='lat' dir='ltr'>Tuum</span> <span class='ocrx_word' id='word_1_177' title='bbox 858 1357 933 1405; x_wconf 84' lang='lat' dir='ltr'>sibi</span> <span class='ocrx_word' id='word_1_178' title='bbox 951 1358 1168 1424; x_wconf 70' lang='lat' dir='ltr'>praelatum</span> <span class='ocrx_word' id='word_1_179' title='bbox 1189 1361 1363 1427; x_wconf 86' lang='lat' dir='ltr'>indigne</span> <span class='ocrx_word' id='word_1_180' title='bbox 1373 1361 1526 1422; x_wconf 81' lang='lat' dir='ltr'>ferens,</span> <span class='ocrx_word' id='word_1_181' title='bbox 1543 1379 1643 1408; x_wconf 89' lang='lat' dir='ltr'>cum</span> <span class='ocrx_word' id='word_1_182' title='bbox 1653 1380 1726 1409; x_wconf 46' lang='lat' dir='ltr'>na*</span> 
     </span>
    </p>

    <p class='ocr_par' dir='ltr' id='par_1_9' title="bbox 73 1428 1885 2534">
     <span class='ocr_line' id='line_1_19' title="bbox 77 1428 1727 1494; baseline 0.002 -18"><span class='ocrx_word' id='word_1_183' title='bbox 77 1443 170 1477; x_wconf 90' lang='lat' dir='ltr'>tura</span> <span class='ocrx_word' id='word_1_184' title='bbox 187 1431 417 1494; x_wconf 84' lang='lat' dir='ltr'>Imperium</span> <span class='ocrx_word' id='word_1_185' title='bbox 436 1428 511 1475; x_wconf 82' lang='lat' dir='ltr'>fibi</span> <span class='ocrx_word' id='word_1_186' title='bbox 531 1428 677 1476; x_wconf 92' lang='lat' dir='ltr'>deberi</span> <span class='ocrx_word' id='word_1_187' title='bbox 693 1429 899 1486; x_wconf 82' lang='lat' dir='ltr'>crederet,</span> <span class='ocrx_word' id='word_1_188' title='bbox 924 1431 1046 1475; x_wconf 86' lang='lat' dir='ltr'>armis</span> <span class='ocrx_word' id='word_1_189' title='bbox 1069 1428 1174 1476; x_wconf 91' lang='lat' dir='ltr'>illud</span> <span class='ocrx_word' id='word_1_190' title='bbox 1193 1430 1271 1476; x_wconf 85' lang='lat' dir='ltr'>ivit</span> <span class='ocrx_word' id='word_1_191' title='bbox 1287 1430 1499 1479; x_wconf 86' lang='lat' dir='ltr'>assertum.</span> <span class='ocrx_word' id='word_1_192' title='bbox 1534 1430 1616 1477; x_wconf 88' lang='lat' dir='ltr'>Sed</span> <span class='ocrx_word' id='word_1_193' title='bbox 1648 1448 1727 1479; x_wconf 88' lang='lat' dir='ltr'>nec</span> 
     </span>
     <span class='ocr_line' id='line_1_20' title="bbox 74 1497 1727 1566; baseline 0.002 -20"><span class='ocrx_word' id='word_1_194' title='bbox 74 1498 405 1559; x_wconf 79' lang='lat' dir='ltr'>consilium,nec</span> <span class='ocrx_word' id='word_1_195' title='bbox 415 1511 573 1545; x_wconf 84' lang='lat' dir='ltr'>tentata</span> <span class='ocrx_word' id='word_1_196' title='bbox 583 1502 644 1546; x_wconf 83' lang='lat' dir='ltr'>vis</span> <span class='ocrx_word' id='word_1_197' title='bbox 657 1499 886 1563; x_wconf 88' lang='lat' dir='ltr'>quicquam</span> <span class='ocrx_word' id='word_1_198' title='bbox 904 1497 1118 1563; x_wconf 81' lang='lat' dir='ltr'>profuere.</span> <span class='ocrx_word' id='word_1_199' title='bbox 1158 1503 1255 1546; x_wconf 71' lang='lat' dir='ltr'>Tuus</span> <span class='ocrx_word' id='word_1_200' title='bbox 1271 1499 1448 1566; x_wconf 91' lang='lat' dir='ltr'>quidem</span> <span class='ocrx_word' id='word_1_201' title='bbox 1461 1539 1476 1560; x_wconf 85' lang='lat'><em>,</em></span> <span class='ocrx_word' id='word_1_202' title='bbox 1500 1498 1576 1548; x_wconf 85' lang='lat' dir='ltr'>etsi</span> <span class='ocrx_word' id='word_1_203' title='bbox 1592 1498 1727 1549; x_wconf 65' lang='lat' dir='ltr'>divisa</span> 
     </span>
     <span class='ocr_line' id='line_1_21' title="bbox 73 1566 1727 1635; baseline 0.001 -21"><span class='ocrx_word' id='word_1_204' title='bbox 73 1567 223 1634; x_wconf 88' lang='lat' dir='ltr'>paullo</span> <span class='ocrx_word' id='word_1_205' title='bbox 236 1582 335 1616; x_wconf 89' lang='lat' dir='ltr'>ante</span> <span class='ocrx_word' id='word_1_206' title='bbox 359 1567 551 1634; x_wconf 89' lang='lat' dir='ltr'>potentia</span> <span class='ocrx_word' id='word_1_207' title='bbox 567 1566 710 1627; x_wconf 74' lang='lat' dir='ltr'>fessus,</span> <span class='ocrx_word' id='word_1_208' title='bbox 742 1566 1028 1634; x_wconf 79' lang='lat' dir='ltr'>profugerate</span> <span class='ocrx_word' id='word_1_209' title='bbox 1044 1569 1195 1634; x_wconf 84' lang='lat' dir='ltr'>Regia.</span> <span class='ocrx_word' id='word_1_210' title='bbox 1240 1568 1321 1616; x_wconf 87' lang='lat' dir='ltr'>Sed</span> <span class='ocrx_word' id='word_1_211' title='bbox 1350 1568 1551 1635; x_wconf 83' lang='lat' dir='ltr'>fugientis</span> <span class='ocrx_word' id='word_1_212' title='bbox 1573 1568 1727 1616; x_wconf 88' lang='lat' dir='ltr'>mode·</span> 
     </span>
     <span class='ocr_line' id='line_1_22' title="bbox 74 1635 1728 1704; baseline 0 -19"><span class='ocrx_word' id='word_1_213' title='bbox 74 1636 194 1690; x_wconf 85' lang='lat' dir='ltr'>stiam</span> <span class='ocrx_word' id='word_1_214' title='bbox 210 1637 372 1703; x_wconf 88' lang='lat' dir='ltr'>sceptra</span> <span class='ocrx_word' id='word_1_215' title='bbox 381 1635 662 1702; x_wconf 76' lang='lat' dir='ltr'>sequebantur</span> <span class='ocrx_word' id='word_1_216' title='bbox 674 1672 686 1694; x_wconf 85' lang='lat'>‚</span> <span class='ocrx_word' id='word_1_217' title='bbox 719 1635 969 1704; x_wconf 88' lang='lat' dir='ltr'>desertoque</span> <span class='ocrx_word' id='word_1_218' title='bbox 986 1636 1039 1684; x_wconf 92' lang='lat' dir='ltr'>ab</span> <span class='ocrx_word' id='word_1_219' title='bbox 1057 1636 1259 1684; x_wconf 86' lang='lat' dir='ltr'>omnibus</span> <span class='ocrx_word' id='word_1_220' title='bbox 1271 1644 1336 1690; x_wconf 87' lang='lat' dir='ltr'><em>X</em></span> <span class='ocrx_word' id='word_1_221' title='bbox 1335 1642 1399 1686; x_wconf 84' lang='lat' dir='ltr'>uni</span> <span class='ocrx_word' id='word_1_222' title='bbox 1415 1637 1508 1686; x_wconf 85' lang='lat' dir='ltr'>filio</span> <span class='ocrx_word' id='word_1_223' title='bbox 1530 1637 1728 1686; x_wconf 64' lang='lat' dir='ltr'>retraCius</span> 
     </span>
     <span class='ocr_line' id='line_1_23' title="bbox 76 1705 1727 1774; baseline 0.002 -20"><span class='ocrx_word' id='word_1_224' title='bbox 76 1705 136 1754; x_wconf 87' lang='lat' dir='ltr'>est</span> <span class='ocrx_word' id='word_1_225' title='bbox 150 1708 206 1755; x_wconf 88' lang='lat' dir='ltr'>ad</span> <span class='ocrx_word' id='word_1_226' title='bbox 220 1706 391 1756; x_wconf 88' lang='lat' dir='ltr'>culmen</span> <span class='ocrx_word' id='word_1_227' title='bbox 404 1746 417 1767; x_wconf 82' lang='lat'><em>‚</em></span> <span class='ocrx_word' id='word_1_228' title='bbox 433 1708 613 1754; x_wconf 91' lang='lat' dir='ltr'>omnino</span> <span class='ocrx_word' id='word_1_229' title='bbox 624 1706 790 1773; x_wconf 79' lang='lat' dir='ltr'>dignus,</span> <span class='ocrx_word' id='word_1_230' title='bbox 805 1709 880 1773; x_wconf 92' lang='lat' dir='ltr'>qui</span> <span class='ocrx_word' id='word_1_231' title='bbox 892 1709 1142 1772; x_wconf 84' lang='lat' dir='ltr'>Imperaret,</span> <span class='ocrx_word' id='word_1_232' title='bbox 1159 1709 1326 1774; x_wconf 90' lang='lat' dir='ltr'>quippe</span> <span class='ocrx_word' id='word_1_233' title='bbox 1339 1710 1414 1773; x_wconf 92' lang='lat' dir='ltr'>qui</span> <span class='ocrx_word' id='word_1_234' title='bbox 1426 1708 1534 1756; x_wconf 90' lang='lat' dir='ltr'>nulli</span> <span class='ocrx_word' id='word_1_235' title='bbox 1545 1723 1648 1756; x_wconf 89' lang='lat' dir='ltr'>tunc</span> <span class='ocrx_word' id='word_1_236' title='bbox 1657 1708 1727 1758; x_wconf 77' lang='lat' dir='ltr'>vel</span> 
     </span>
     <span class='ocr_line' id='line_1_24' title="bbox 76 1774 1884 1855; baseline 0.003 -33"><span class='ocrx_word' id='word_1_237' title='bbox 76 1778 204 1825; x_wconf 83' lang='lat' dir='ltr'>rebus</span> <span class='ocrx_word' id='word_1_238' title='bbox 219 1774 342 1843; x_wconf 82' lang='lat' dir='ltr'>gestis</span> <span class='ocrx_word' id='word_1_239' title='bbox 354 1814 367 1836; x_wconf 85' lang='lat'>,</span> <span class='ocrx_word' id='word_1_240' title='bbox 387 1776 453 1824; x_wconf 91' lang='lat' dir='ltr'>vel</span> <span class='ocrx_word' id='word_1_241' title='bbox 472 1776 939 1842; x_wconf 87' lang='lat' dir='ltr'>ingeniimagnitudine</span> <span class='ocrx_word' id='word_1_242' title='bbox 952 1775 1156 1824; x_wconf 84' lang='lat' dir='ltr'>secundus</span> <span class='ocrx_word' id='word_1_243' title='bbox 1166 1775 1413 1825; x_wconf 85' lang='lat' dir='ltr'>habebatur.</span> <span class='ocrx_word' id='word_1_244' title='bbox 1448 1776 1727 1827; x_wconf 81' lang='lat' dir='ltr'>Hincfamilia</span> <span class='ocrx_word' id='word_1_245' title='bbox 1741 1786 1884 1855; x_wconf 46' lang='lat' dir='ltr'>mabri-a</span> 
     </span>
     <span class='ocr_line' id='line_1_25' title="bbox 75 1845 1885 1923; baseline 0.001 -27"><span class='ocrx_word' id='word_1_246' title='bbox 75 1850 199 1896; x_wconf 79' lang='lat' dir='ltr'>Hiaa</span> <span class='ocrx_word' id='word_1_247' title='bbox 222 1845 337 1911; x_wconf 85' lang='lat' dir='ltr'>apud</span> <span class='ocrx_word' id='word_1_248' title='bbox 363 1848 478 1893; x_wconf 85' lang='lat' dir='ltr'>Sinas</span> <span class='ocrx_word' id='word_1_249' title='bbox 496 1847 630 1910; x_wconf 87' lang='lat' dir='ltr'>prima</span> <span class='ocrx_word' id='word_1_250' title='bbox 645 1845 893 1894; x_wconf 86' lang='lat' dir='ltr'>hereditaria</span> <span class='ocrx_word' id='word_1_251' title='bbox 911 1845 1118 1911; x_wconf 80' lang='lat' dir='ltr'>dignitate</span> <span class='ocrx_word' id='word_1_252' title='bbox 1134 1848 1417 1912; x_wconf 87' lang='lat' dir='ltr'>Imperiumin</span> <span class='ocrx_word' id='word_1_253' title='bbox 1433 1846 1610 1912; x_wconf 87' lang='lat' dir='ltr'>posteris</span> <span class='ocrx_word' id='word_1_254' title='bbox 1622 1864 1726 1913; x_wconf 85' lang='lat' dir='ltr'>pro·</span> <span class='ocrx_word' id='word_1_255' title='bbox 1739 1852 1885 1923; x_wconf 37' lang='lat' dir='ltr'>{qna-fami-</span> 
     </span>
     <span class='ocr_line' id='line_1_26' title="bbox 75 1902 1883 1981; baseline 0.004 -20"><span class='ocrx_word' id='word_1_256' title='bbox 75 1917 261 1981; x_wconf 86' lang='lat' dir='ltr'>pagavit.</span> <span class='ocrx_word' id='word_1_257' title='bbox 297 1917 535 1980; x_wconf 88' lang='lat' dir='ltr'>Atquinon</span> <span class='ocrx_word' id='word_1_258' title='bbox 549 1915 678 1979; x_wconf 87' lang='lat' dir='ltr'>patris</span> <span class='ocrx_word' id='word_1_259' title='bbox 702 1915 880 1963; x_wconf 88' lang='lat' dir='ltr'>ambitio</span> <span class='ocrx_word' id='word_1_260' title='bbox 890 1915 1050 1974; x_wconf 85' lang='lat' dir='ltr'>filium,</span> <span class='ocrx_word' id='word_1_261' title='bbox 1072 1914 1140 1963; x_wconf 90' lang='lat' dir='ltr'>sed</span> <span class='ocrx_word' id='word_1_262' title='bbox 1162 1915 1319 1965; x_wconf 85' lang='lat' dir='ltr'>suamet</span> <span class='ocrx_word' id='word_1_263' title='bbox 1333 1934 1432 1963; x_wconf 87' lang='lat' dir='ltr'>curn</span> <span class='ocrx_word' id='word_1_264' title='bbox 1449 1918 1579 1965; x_wconf 87' lang='lat' dir='ltr'>virtus</span> <span class='ocrx_word' id='word_1_265' title='bbox 1597 1919 1724 1966; x_wconf 89' lang='lat' dir='ltr'>rebus</span> <span class='ocrx_word' id='word_1_266' title='bbox 1737 1902 1883 1972; x_wconf 52' lang='lat' dir='ltr'>:iiiimxf’e’</span> 
     </span>
     <span class='ocr_line' id='line_1_27' title="bbox 75 1980 1718 2052; baseline 0.002 -20"><span class='ocrx_word' id='word_1_267' title='bbox 75 1984 320 2050; x_wconf 84' lang='lat' dir='ltr'>praeposuit.</span> <span class='ocrx_word' id='word_1_268' title='bbox 353 1980 427 2031; x_wconf 83' lang='lat' dir='ltr'>Ab</span> <span class='ocrx_word' id='word_1_269' title='bbox 447 1985 526 2031; x_wconf 92' lang='lat' dir='ltr'>hac</span> <span class='ocrx_word' id='word_1_270' title='bbox 545 1983 628 2044; x_wconf 86' lang='lat' dir='ltr'>jam</span> <span class='ocrx_word' id='word_1_271' title='bbox 647 1999 739 2031; x_wconf 90' lang='lat' dir='ltr'>tum</span> <span class='ocrx_word' id='word_1_272' title='bbox 762 1984 924 2049; x_wconf 89' lang='lat' dir='ltr'>ubique</span> <span class='ocrx_word' id='word_1_273' title='bbox 944 1983 1113 2043; x_wconf 80' lang='lat' dir='ltr'>charus,</span> <span class='ocrx_word' id='word_1_274' title='bbox 1136 1984 1189 2031; x_wconf 91' lang='lat' dir='ltr'>ab</span> <span class='ocrx_word' id='word_1_275' title='bbox 1207 1983 1407 2032; x_wconf 88' lang='lat' dir='ltr'>omnibus</span> <span class='ocrx_word' id='word_1_276' title='bbox 1424 1985 1718 2052; x_wconf 81' lang='lat' dir='ltr'>expetebatur.</span> 
     </span>
     <span class='ocr_line' id='line_1_28' title="bbox 78 2052 1723 2122; baseline 0.002 -21"><span class='ocrx_word' id='word_1_277' title='bbox 78 2058 174 2102; x_wconf 81' lang='lat' dir='ltr'>Yuus</span> <span class='ocrx_word' id='word_1_278' title='bbox 188 2054 365 2118; x_wconf 89' lang='lat' dir='ltr'>quidem</span> <span class='ocrx_word' id='word_1_279' title='bbox 376 2053 647 2101; x_wconf 72' lang='lat' dir='ltr'>successorem</span> <span class='ocrx_word' id='word_1_280' title='bbox 669 2053 744 2101; x_wconf 88' lang='lat' dir='ltr'>fibi</span> <span class='ocrx_word' id='word_1_281' title='bbox 755 2054 938 2120; x_wconf 77' lang='lat' dir='ltr'>elegerat</span> <span class='ocrx_word' id='word_1_282' title='bbox 950 2057 983 2101; x_wconf 83' lang='lat' dir='ltr'><em>Y</em></span> <span class='ocrx_word' id='word_1_283' title='bbox 979 2073 1063 2100; x_wconf 79' lang='lat' dir='ltr'>eum</span> <span class='ocrx_word' id='word_1_284' title='bbox 1077 2053 1310 2119; x_wconf 80' lang='lat' dir='ltr'>quendam,</span> <span class='ocrx_word' id='word_1_285' title='bbox 1321 2052 1405 2115; x_wconf 83' lang='lat' dir='ltr'>jam</span> <span class='ocrx_word' id='word_1_286' title='bbox 1415 2068 1512 2103; x_wconf 90' lang='lat' dir='ltr'>ante</span> <span class='ocrx_word' id='word_1_287' title='bbox 1527 2057 1571 2102; x_wconf 91' lang='lat' dir='ltr'>in</span> <span class='ocrx_word' id='word_1_288' title='bbox 1583 2058 1723 2122; x_wconf 87' lang='lat' dir='ltr'>Impe-</span> 
     </span>
     <span class='ocr_line' id='line_1_29' title="bbox 74 2122 1723 2183; baseline 0.003 -15"><span class='ocrx_word' id='word_1_289' title='bbox 74 2124 126 2169; x_wconf 87' lang='lat' dir='ltr'>rii</span> <span class='ocrx_word' id='word_1_290' title='bbox 137 2122 379 2170; x_wconf 88' lang='lat' dir='ltr'>societatem</span> <span class='ocrx_word' id='word_1_291' title='bbox 389 2123 606 2181; x_wconf 79' lang='lat' dir='ltr'>adscitum,</span> <span class='ocrx_word' id='word_1_292' title='bbox 616 2137 657 2169; x_wconf 87' lang='lat' dir='ltr'>at</span> <span class='ocrx_word' id='word_1_293' title='bbox 667 2125 742 2171; x_wconf 92' lang='lat' dir='ltr'>ubi</span> <span class='ocrx_word' id='word_1_294' title='bbox 753 2123 947 2170; x_wconf 85' lang='lat' dir='ltr'>diadema</span> <span class='ocrx_word' id='word_1_295' title='bbox 957 2135 1096 2170; x_wconf 87' lang='lat' dir='ltr'>morte</span> <span class='ocrx_word' id='word_1_296' title='bbox 1106 2122 1216 2170; x_wconf 91' lang='lat' dir='ltr'>illius</span> <span class='ocrx_word' id='word_1_297' title='bbox 1229 2141 1409 2172; x_wconf 87' lang='lat' dir='ltr'>vacuum</span> <span class='ocrx_word' id='word_1_298' title='bbox 1420 2123 1515 2183; x_wconf 84' lang='lat' dir='ltr'>fuit,</span> <span class='ocrx_word' id='word_1_299' title='bbox 1526 2127 1723 2173; x_wconf 88' lang='lat' dir='ltr'>omnium</span> 
     </span>
     <span class='ocr_line' id='line_1_30' title="bbox 75 2190 1723 2257; baseline 0.002 -19"><span class='ocrx_word' id='word_1_300' title='bbox 75 2191 277 2239; x_wconf 86' lang='lat' dir='ltr'>ordinum</span> <span class='ocrx_word' id='word_1_301' title='bbox 286 2191 503 2250; x_wconf 79' lang='lat' dir='ltr'>consensU,</span> <span class='ocrx_word' id='word_1_302' title='bbox 515 2196 548 2238; x_wconf 85' lang='grc' dir='ltr'><em>Υ</em></span> <span class='ocrx_word' id='word_1_303' title='bbox 543 2211 583 2238; x_wconf 89' lang='lat' dir='ltr'>eo</span> <span class='ocrx_word' id='word_1_304' title='bbox 603 2193 760 2256; x_wconf 75' lang='lat' dir='ltr'>spreto,</span> <span class='ocrx_word' id='word_1_305' title='bbox 769 2193 823 2239; x_wconf 88' lang='lat' dir='ltr'>ad</span> <span class='ocrx_word' id='word_1_306' title='bbox 835 2194 910 2239; x_wconf 83' lang='lat' dir='ltr'>Yui</span> <span class='ocrx_word' id='word_1_307' title='bbox 921 2190 1057 2238; x_wconf 81' lang='lat' dir='ltr'>filium</span> <span class='ocrx_word' id='word_1_308' title='bbox 1073 2191 1260 2240; x_wconf 83' lang='lat' dir='ltr'>delatum</span> <span class='ocrx_word' id='word_1_309' title='bbox 1272 2192 1331 2240; x_wconf 85' lang='lat' dir='ltr'>est</span> <span class='ocrx_word' id='word_1_310' title='bbox 1343 2229 1354 2251; x_wconf 84' lang='lat'>‚</span> <span class='ocrx_word' id='word_1_311' title='bbox 1365 2195 1582 2257; x_wconf 68' lang='lat' dir='ltr'>utriusque</span> <span class='ocrx_word' id='word_1_312' title='bbox 1596 2197 1723 2243; x_wconf 90' lang='lat' dir='ltr'>meri-</span> 
     </span>
     <span class='ocr_line' id='line_1_31' title="bbox 76 2258 1720 2326; baseline 0.002 -19"><span class='ocrx_word' id='word_1_313' title='bbox 76 2274 119 2307; x_wconf 90' lang='lat' dir='ltr'>ta</span> <span class='ocrx_word' id='word_1_314' title='bbox 136 2259 427 2326; x_wconf 62' lang='lat' dir='ltr'>speciantium.</span> <span class='ocrx_word' id='word_1_315' title='bbox 460 2262 519 2306; x_wconf 90' lang='lat' dir='ltr'>Ita</span> <span class='ocrx_word' id='word_1_316' title='bbox 529 2260 712 2325; x_wconf 80' lang='lat' dir='ltr'>eligendi</span> <span class='ocrx_word' id='word_1_317' title='bbox 730 2279 842 2319; x_wconf 80' lang='lat' dir='ltr'>mos,</span> <span class='ocrx_word' id='word_1_318' title='bbox 862 2259 945 2307; x_wconf 87' lang='lat' dir='ltr'>five</span> <span class='ocrx_word' id='word_1_319' title='bbox 962 2258 1029 2320; x_wconf 84' lang='lat' dir='ltr'>jus</span> <span class='ocrx_word' id='word_1_320' title='bbox 1048 2262 1091 2307; x_wconf 91' lang='lat' dir='ltr'>in</span> <span class='ocrx_word' id='word_1_321' title='bbox 1111 2261 1404 2309; x_wconf 88' lang='lat' dir='ltr'>hereditariam</span> <span class='ocrx_word' id='word_1_322' title='bbox 1417 2261 1720 2310; x_wconf 77' lang='lat' dir='ltr'>successionem</span> 
     </span>
     <span class='ocr_line' id='line_1_32' title="bbox 76 2328 1723 2396; baseline 0 -17"><span class='ocrx_word' id='word_1_323' title='bbox 76 2328 246 2379; x_wconf 86' lang='lat' dir='ltr'>transiit.</span> <span class='ocrx_word' id='word_1_324' title='bbox 282 2332 384 2377; x_wconf 84' lang='lat' dir='ltr'>Haec</span> <span class='ocrx_word' id='word_1_325' title='bbox 399 2330 556 2377; x_wconf 84' lang='lat' dir='ltr'>familia</span> <span class='ocrx_word' id='word_1_326' title='bbox 576 2333 697 2378; x_wconf 80' lang='lat' dir='ltr'>Hiaa</span> <span class='ocrx_word' id='word_1_327' title='bbox 721 2329 889 2377; x_wconf 91' lang='lat' dir='ltr'>duravit</span> <span class='ocrx_word' id='word_1_328' title='bbox 904 2331 1021 2375; x_wconf 89' lang='lat' dir='ltr'>annis</span> <span class='ocrx_word' id='word_1_329' title='bbox 1040 2328 1359 2395; x_wconf 79' lang='lat' dir='ltr'>quadringentis</span> <span class='ocrx_word' id='word_1_330' title='bbox 1378 2329 1655 2396; x_wconf 87' lang='lat' dir='ltr'>quadraginta</span> <span class='ocrx_word' id='word_1_331' title='bbox 1674 2334 1723 2379; x_wconf 72' lang='grc' dir='ltr'>ὃς</span> 
     </span>
     <span class='ocr_line' id='line_1_33' title="bbox 75 2397 1721 2466; baseline 0.001 -19"><span class='ocrx_word' id='word_1_332' title='bbox 75 2416 165 2448; x_wconf 91' lang='lat' dir='ltr'>uno</span> <span class='ocrx_word' id='word_1_333' title='bbox 178 2438 192 2459; x_wconf 88' lang='lat'><em>‚</em></span> <span class='ocrx_word' id='word_1_334' title='bbox 205 2399 506 2466; x_wconf 87' lang='lat' dir='ltr'>septemdecim</span> <span class='ocrx_word' id='word_1_335' title='bbox 522 2400 837 2463; x_wconf 84' lang='lat' dir='ltr'>Imperatorum</span> <span class='ocrx_word' id='word_1_336' title='bbox 847 2397 1099 2445; x_wconf 80' lang='lat' dir='ltr'>successione</span> <span class='ocrx_word' id='word_1_337' title='bbox 1117 2401 1319 2446; x_wconf 89' lang='lat' dir='ltr'>continua</span> <span class='ocrx_word' id='word_1_338' title='bbox 1330 2417 1468 2446; x_wconf 90' lang='lat' dir='ltr'>rerum</span> <span class='ocrx_word' id='word_1_339' title='bbox 1479 2399 1594 2465; x_wconf 86' lang='lat' dir='ltr'>apud</span> <span class='ocrx_word' id='word_1_340' title='bbox 1607 2401 1721 2448; x_wconf 83' lang='lat' dir='ltr'>Sinas</span> 
     </span>
     <span class='ocr_line' id='line_1_34' title="bbox 75 2470 227 2534; baseline -0.007 -18"><span class='ocrx_word' id='word_1_341' title='bbox 75 2470 227 2534; x_wconf 80' lang='lat' dir='ltr'>potita.</span> 
     </span>
    </p>

    <p class='ocr_par' dir='ltr' id='par_1_10' title="bbox 76 2536 1891 3019">
     <span class='ocr_line' id='line_1_35' title="bbox 143 2536 1891 2613; baseline 0.002 -29"><span class='ocrx_word' id='word_1_342' title='bbox 143 2537 426 2602; x_wconf 81' lang='lat' dir='ltr'>Eodem,quo</span> <span class='ocrx_word' id='word_1_343' title='bbox 438 2540 557 2585; x_wconf 75' lang='lat' dir='ltr'>Weus</span> <span class='ocrx_word' id='word_1_344' title='bbox 576 2536 732 2596; x_wconf 56' lang='lat' dir='ltr'>ejecitis</span> <span class='ocrx_word' id='word_1_345' title='bbox 748 2536 810 2583; x_wconf 87' lang='lat' dir='ltr'>est</span> <span class='ocrx_word' id='word_1_346' title='bbox 821 2575 834 2596; x_wconf 87' lang='lat'><em>‚</em></span> <span class='ocrx_word' id='word_1_347' title='bbox 858 2553 971 2582; x_wconf 91' lang='lat' dir='ltr'>anno</span> <span class='ocrx_word' id='word_1_348' title='bbox 985 2549 1082 2583; x_wconf 88' lang='lat' dir='ltr'>ante</span> <span class='ocrx_word' id='word_1_349' title='bbox 1100 2536 1317 2583; x_wconf 85' lang='lat' dir='ltr'>Christum</span> <span class='ocrx_word' id='word_1_350' title='bbox 1333 2552 1480 2586; x_wconf 88' lang='lat' dir='ltr'>natum</span> <span class='ocrx_word' id='word_1_351' title='bbox 1498 2537 1722 2587; x_wconf 79' lang='lat' dir='ltr'>millesimo</span> <span class='ocrx_word' id='word_1_352' title='bbox 1736 2575 1831 2613; x_wconf 76' lang='lat' dir='ltr'>Xauga</span> <span class='ocrx_word' id='word_1_353' title='bbox 1841 2574 1891 2607; x_wconf 74' lang='lat' dir='ltr'>se-</span> 
     </span>
     <span class='ocr_line' id='line_1_36' title="bbox 76 2605 1843 2675; baseline 0.001 -20"><span class='ocrx_word' id='word_1_354' title='bbox 76 2606 450 2673; x_wconf 86' lang='lat' dir='ltr'>septingentesimo</span> <span class='ocrx_word' id='word_1_355' title='bbox 468 2605 726 2671; x_wconf 79' lang='lat' dir='ltr'>sexagesimo</span> <span class='ocrx_word' id='word_1_356' title='bbox 737 2606 871 2662; x_wconf 82' lang='lat' dir='ltr'>sexto,</span> <span class='ocrx_word' id='word_1_357' title='bbox 880 2605 996 2670; x_wconf 89' lang='lat' dir='ltr'>apud</span> <span class='ocrx_word' id='word_1_358' title='bbox 1009 2607 1122 2654; x_wconf 85' lang='lat' dir='ltr'>Sinas</span> <span class='ocrx_word' id='word_1_359' title='bbox 1135 2606 1294 2673; x_wconf 73' lang='lat' dir='ltr'>Tangus</span> <span class='ocrx_word' id='word_1_360' title='bbox 1303 2624 1479 2673; x_wconf 76' lang='lat' dir='ltr'>regnare</span> <span class='ocrx_word' id='word_1_361' title='bbox 1492 2608 1633 2672; x_wconf 64' lang='lat' dir='ltr'>caepit,</span> <span class='ocrx_word' id='word_1_362' title='bbox 1644 2609 1723 2675; x_wconf 86' lang='lat' dir='ltr'>qui</span> <span class='ocrx_word' id='word_1_363' title='bbox 1736 2616 1843 2647; x_wconf 64' lang='lat' dir='ltr'>cunda-</span> 
     </span>
     <span class='ocr_line' id='line_1_37' title="bbox 77 2675 1720 2743; baseline 0.001 -21"><span class='ocrx_word' id='word_1_364' title='bbox 77 2676 237 2741; x_wconf 87' lang='lat' dir='ltr'>primus</span> <span class='ocrx_word' id='word_1_365' title='bbox 256 2675 455 2724; x_wconf 86' lang='lat' dir='ltr'>familiam</span> <span class='ocrx_word' id='word_1_366' title='bbox 472 2684 536 2728; x_wconf 89' lang='lat' dir='ltr'><em>X</em></span> <span class='ocrx_word' id='word_1_367' title='bbox 537 2675 720 2741; x_wconf 76' lang='lat' dir='ltr'>angamin</span> <span class='ocrx_word' id='word_1_368' title='bbox 736 2676 1002 2739; x_wconf 87' lang='lat' dir='ltr'>Imperatoris</span> <span class='ocrx_word' id='word_1_369' title='bbox 1011 2692 1167 2721; x_wconf 89' lang='lat' dir='ltr'>nomen</span> <span class='ocrx_word' id='word_1_370' title='bbox 1189 2675 1333 2722; x_wconf 89' lang='lat' dir='ltr'>intulit</span> <span class='ocrx_word' id='word_1_371' title='bbox 1344 2713 1356 2734; x_wconf 82' lang='lat'>‚</span> <span class='ocrx_word' id='word_1_372' title='bbox 1379 2678 1401 2722; x_wconf 80' lang='lat' dir='ltr'>a</span> <span class='ocrx_word' id='word_1_373' title='bbox 1417 2678 1486 2722; x_wconf 81' lang='lat' dir='ltr'>(ua</span> <span class='ocrx_word' id='word_1_374' title='bbox 1499 2675 1606 2727; x_wconf 87' lang='lat' dir='ltr'>olim</span> <span class='ocrx_word' id='word_1_375' title='bbox 1623 2678 1720 2743; x_wconf 86' lang='lat' dir='ltr'>Dy-</span> 
     </span>
     <span class='ocr_line' id='line_1_38' title="bbox 76 2740 1723 2812; baseline 0 -20"><span class='ocrx_word' id='word_1_376' title='bbox 76 2743 221 2803; x_wconf 87' lang='lat' dir='ltr'>nastia,</span> <span class='ocrx_word' id='word_1_377' title='bbox 233 2761 332 2792; x_wconf 90' lang='lat' dir='ltr'>cum</span> <span class='ocrx_word' id='word_1_378' title='bbox 341 2745 534 2811; x_wconf 82' lang='lat' dir='ltr'>Regulus</span> <span class='ocrx_word' id='word_1_379' title='bbox 545 2745 657 2803; x_wconf 77' lang='lat' dir='ltr'>estet,</span> <span class='ocrx_word' id='word_1_380' title='bbox 671 2740 922 2791; x_wconf 88' lang='lat' dir='ltr'>attributum</span> <span class='ocrx_word' id='word_1_381' title='bbox 935 2763 944 2789; x_wconf 78' lang='grc' dir='ltr'>ε</span> <span class='ocrx_word' id='word_1_382' title='bbox 959 2761 1078 2791; x_wconf 89' lang='lat' dir='ltr'>more</span> <span class='ocrx_word' id='word_1_383' title='bbox 1088 2746 1162 2791; x_wconf 86' lang='lat' dir='ltr'>Ma</span> <span class='ocrx_word' id='word_1_384' title='bbox 1165 2741 1326 2805; x_wconf 80' lang='lat' dir='ltr'>jorum,</span> <span class='ocrx_word' id='word_1_385' title='bbox 1338 2745 1505 2809; x_wconf 85' lang='lat' dir='ltr'>quoties</span> <span class='ocrx_word' id='word_1_386' title='bbox 1516 2748 1723 2812; x_wconf 23' lang='lat' dir='ltr'>Regnum.</span> 
     </span>
     <span class='ocr_line' id='line_1_39' title="bbox 77 2812 1720 2882; baseline 0.001 -21"><span class='ocrx_word' id='word_1_387' title='bbox 77 2814 121 2861; x_wconf 87' lang='lat' dir='ltr'>in</span> <span class='ocrx_word' id='word_1_388' title='bbox 137 2831 295 2862; x_wconf 91' lang='lat' dir='ltr'>novam</span> <span class='ocrx_word' id='word_1_389' title='bbox 309 2814 551 2863; x_wconf 85' lang='lat' dir='ltr'>transfertur</span> <span class='ocrx_word' id='word_1_390' title='bbox 568 2812 740 2880; x_wconf 77' lang='lat' dir='ltr'>stirpem</span> <span class='ocrx_word' id='word_1_391' title='bbox 757 2812 800 2859; x_wconf 92' lang='lat' dir='ltr'>id</span> <span class='ocrx_word' id='word_1_392' title='bbox 811 2812 1135 2860; x_wconf 76' lang='lat' dir='ltr'>observantium.</span> <span class='ocrx_word' id='word_1_393' title='bbox 1171 2815 1306 2863; x_wconf 84' lang='lat' dir='ltr'>Annis</span> <span class='ocrx_word' id='word_1_394' title='bbox 1327 2813 1530 2862; x_wconf 85' lang='lat' dir='ltr'>sexcentis</span> <span class='ocrx_word' id='word_1_395' title='bbox 1550 2815 1596 2860; x_wconf 75' lang='lat'>8&lt;</span> <span class='ocrx_word' id='word_1_396' title='bbox 1616 2832 1720 2882; x_wconf 86' lang='lat' dir='ltr'>qua-</span> 
     </span>
     <span class='ocr_line' id='line_1_40' title="bbox 77 2881 1718 2949; baseline 0.002 -21"><span class='ocrx_word' id='word_1_397' title='bbox 77 2883 268 2948; x_wconf 84' lang='lat' dir='ltr'>draginta</span> <span class='ocrx_word' id='word_1_398' title='bbox 288 2881 420 2931; x_wconf 88' lang='lat' dir='ltr'>tribus</span> <span class='ocrx_word' id='word_1_399' title='bbox 447 2885 661 2932; x_wconf 57' lang='lat' dir='ltr'>auctorem</span> <span class='ocrx_word' id='word_1_400' title='bbox 694 2899 783 2928; x_wconf 89' lang='lat' dir='ltr'>non</span> <span class='ocrx_word' id='word_1_401' title='bbox 817 2882 1037 2930; x_wconf 77' lang='lat' dir='ltr'>intermissa</span> <span class='ocrx_word' id='word_1_402' title='bbox 1056 2881 1155 2929; x_wconf 74' lang='lat' dir='ltr'>serie</span> <span class='ocrx_word' id='word_1_403' title='bbox 1172 2881 1267 2929; x_wconf 89' lang='lat' dir='ltr'>sunt</span> <span class='ocrx_word' id='word_1_404' title='bbox 1281 2883 1305 2928; x_wconf 81' lang='grc' dir='ltr'>ὲ</span> <span class='ocrx_word' id='word_1_405' title='bbox 1329 2883 1399 2930; x_wconf 83' lang='lat' dir='ltr'>sua</span> <span class='ocrx_word' id='word_1_406' title='bbox 1429 2882 1555 2949; x_wconf 77' lang='lat' dir='ltr'>stirpe</span> <span class='ocrx_word' id='word_1_407' title='bbox 1588 2881 1718 2932; x_wconf 79' lang='lat' dir='ltr'>secuti</span> 
     </span>
     <span class='ocr_line' id='line_1_41' title="bbox 77 2949 1554 3019; baseline 0.001 -21"><span class='ocrx_word' id='word_1_408' title='bbox 77 2951 238 3016; x_wconf 86' lang='lat' dir='ltr'>septem</span> <span class='ocrx_word' id='word_1_409' title='bbox 249 2953 429 3000; x_wconf 88' lang='lat' dir='ltr'>omnino</span> <span class='ocrx_word' id='word_1_410' title='bbox 445 2953 668 3019; x_wconf 76' lang='lat' dir='ltr'>&amp;viginti,</span> <span class='ocrx_word' id='word_1_411' title='bbox 680 2952 790 2998; x_wconf 88' lang='lat' dir='ltr'>vitiis</span> <span class='ocrx_word' id='word_1_412' title='bbox 809 2970 857 2999; x_wconf 86' lang='lat' dir='ltr'>ac</span> <span class='ocrx_word' id='word_1_413' title='bbox 875 2949 1100 3005; x_wconf 88' lang='lat' dir='ltr'>virtutibus</span> <span class='ocrx_word' id='word_1_414' title='bbox 1109 2952 1345 3015; x_wconf 86' lang='lat' dir='ltr'>prorniscue</span> <span class='ocrx_word' id='word_1_415' title='bbox 1362 2950 1554 3019; x_wconf 64' lang='lat' dir='ltr'>insignes</span> 
     </span>
    </p>

    <p class='ocr_par' dir='ltr' id='par_1_11' title="bbox 77 3019 1721 3156">
     <span class='ocr_line' id='line_1_42' title="bbox 146 3019 1718 3088; baseline 0.001 -21"><span class='ocrx_word' id='word_1_416' title='bbox 146 3023 239 3067; x_wconf 89' lang='lat' dir='ltr'>Hac</span> <span class='ocrx_word' id='word_1_417' title='bbox 248 3019 386 3069; x_wconf 86' lang='lat' dir='ltr'>deleta</span> <span class='ocrx_word' id='word_1_418' title='bbox 403 3020 560 3069; x_wconf 71' lang='lat' dir='ltr'>familia</span> <span class='ocrx_word' id='word_1_419' title='bbox 569 3021 756 3088; x_wconf 89' lang='lat' dir='ltr'>sequitur</span> <span class='ocrx_word' id='word_1_420' title='bbox 777 3023 884 3069; x_wconf 77' lang='lat' dir='ltr'>Faus</span> <span class='ocrx_word' id='word_1_421' title='bbox 895 3037 1006 3067; x_wconf 89' lang='lat' dir='ltr'>anno</span> <span class='ocrx_word' id='word_1_422' title='bbox 1018 3034 1114 3067; x_wconf 90' lang='lat' dir='ltr'>ante</span> <span class='ocrx_word' id='word_1_423' title='bbox 1127 3020 1307 3087; x_wconf 83' lang='lat' dir='ltr'>Virginis</span> <span class='ocrx_word' id='word_1_424' title='bbox 1319 3034 1485 3086; x_wconf 84' lang='lat' dir='ltr'>partum</span> <span class='ocrx_word' id='word_1_425' title='bbox 1494 3021 1718 3072; x_wconf 81' lang='lat' dir='ltr'>millefimo</span> 
     </span>
     <span class='ocr_line' id='line_1_43' title="bbox 77 3088 1721 3156; baseline 0.001 -22"><span class='ocrx_word' id='word_1_426' title='bbox 77 3088 310 3139; x_wconf 71' lang='lat' dir='ltr'>centesimo</span> <span class='ocrx_word' id='word_1_427' title='bbox 318 3089 524 3156; x_wconf 83' lang='lat' dir='ltr'>vigesimo</span> <span class='ocrx_word' id='word_1_428' title='bbox 533 3090 811 3156; x_wconf 83' lang='lat' dir='ltr'>secundo,qui</span> <span class='ocrx_word' id='word_1_429' title='bbox 821 3090 988 3155; x_wconf 88' lang='lat' dir='ltr'>Imperii</span> <span class='ocrx_word' id='word_1_430' title='bbox 999 3091 1215 3154; x_wconf 87' lang='lat' dir='ltr'>principio</span> <span class='ocrx_word' id='word_1_431' title='bbox 1224 3107 1386 3142; x_wconf 83' lang='lat' dir='ltr'>nomen</span> <span class='ocrx_word' id='word_1_432' title='bbox 1392 3095 1586 3151; x_wconf 82' lang='lat' dir='ltr'>mutavit,</span> <span class='ocrx_word' id='word_1_433' title='bbox 1592 3094 1636 3140; x_wconf 88' lang='lat' dir='ltr'>U</span> <span class='ocrx_word' id='word_1_434' title='bbox 1637 3105 1721 3148; x_wconf 65' lang='lat' dir='ltr'>Pus,</span> 
     </span>
    </p>
   </div>
   <div class='ocr_carea' id='block_1_3' title="bbox 1675 3160 1684 3167">
    <p class='ocr_par' dir='ltr' id='par_1_12' title="bbox 1675 3160 1684 3167">
     <span class='ocr_line' id='line_1_44' title="bbox 1675 3160 1684 3167; baseline 0 0"><span class='ocrx_word' id='word_1_435' title='bbox 1675 3160 1684 3167; x_wconf 63' lang='grc' dir='ltr'><strong><em>ι</em></strong></span> 
     </span>
    </p>
   </div>
   <div class='ocr_carea' id='block_1_4' title="bbox 1116 3157 1722 3224">
    <p class='ocr_par' dir='ltr' id='par_1_13' title="bbox 1116 3157 1722 3224">
     <span class='ocr_line' id='line_1_45' title="bbox 1116 3157 1722 3224; baseline -0.002 -19"><span class='ocrx_word' id='word_1_436' title='bbox 1116 3176 1197 3224; x_wconf 80' lang='lat' dir='ltr'>r3</span> <span class='ocrx_word' id='word_1_437' title='bbox 1674 3157 1722 3204; x_wconf 78' lang='lat' dir='ltr'>id</span> 
     </span>
    </p>
   </div>
   <div class='ocr_carea' id='block_1_5' title="bbox 1736 3086 1835 3158">
    <p class='ocr_par' dir='ltr' id='par_1_14' title="bbox 1736 3086 1835 3158">
     <span class='ocr_line' id='line_1_46' title="bbox 1736 3086 1824 3131; baseline -0.011 -15"><span class='ocrx_word' id='word_1_438' title='bbox 1736 3086 1824 3131; x_wconf 60' lang='lat' dir='ltr'>Chetft·</span> 
     </span>
     <span class='ocr_line' id='line_1_47' title="bbox 1737 3135 1835 3158; baseline 0.01 -1"><span class='ocrx_word' id='word_1_439' title='bbox 1737 3135 1835 3158; x_wconf 61' lang='lat' dir='ltr'>tertia,</span> 
     </span>
    </p>
   </div>
  </div>
 </body>
</html>
