2114 3412
1685 178 1781 224 1:⁷7

115 1520 172 1568 ad
205 1517 527 1583 expeditionem
555 1512 758 1563 stantibus
776 1552 790 1575 ‚
822 1513 1036 1565 scatebant
1055 1553 1069 1577 ,
1100 1534 1150 1565 ac
1182 1514 1356 1582 paulum
1386 1519 1590 1585 progreffi
1617 1538 1780 1586 pagum

116 1589 152 1636 F
163 1592 202 1638 A
221 1591 259 1635 E
274 1589 300 1634 S
315 1589 358 1633 A
370 1588 416 1633 N
444 1585 647 1632 venimus,
691 1583 830 1647 Cujus
846 1585 1093 1652 conspectus
1112 1588 1316 1652 imprimis
1323 1588 1537 1651 jucundus
1546 1589 1706 1654 pictura
1719 1609 1781 1637 re—

117 1654 409 1723 praesentatur:
434 1671 533 1701 nam
550 1655 595 1700 in
615 1655 756 1719 primo
774 1655 947 1715 itinere,
973 1655 1094 1720 quod
1114 1655 1350 1704 admodum
1368 1655 1460 1704 sero
1480 1675 1534 1703 eo
1546 1657 1780 1723 appellere*

117 1743 233 1780 mus,
254 1726 380 1789 copia
401 1723 491 1785 ejus
512 1720 787 1788 perlustrandi
805 1723 902 1771 data
919 1742 1010 1771 non
1028 1722 1124 1772 fuit.
1157 1725 1191 1771 F
1193 1724 1423 1773 ertiliffimo
1436 1728 1714 1775 circumcirca
1725 1729 1779 1775 ad

117 1795 238 1843 fluvii
257 1796 365 1859 ripas
383 1810 485 1859 agro
502 1792 670 1859 gaudet.

187 1865 244 1912 Vi
248 1860 403 1929 gefima
411 1861 555 1910 οᾶεινει
564 1860 753 1927 Januarii
764 1862 1001 1909 Decembri
1012 1861 1232 1924 Kantonam
1242 1863 1393 1910 iterum
1404 1864 1629 1929 attigimus.
1664 1865 1783 1913 Franae

117 1935 228 1996 ciscns
242 1929 451 1999 Lantfinagz
462 1965 476 1986 ,
497 1931 564 1977 cui
583 1930 763 1978 durante
774 1932 1017 1997 Legatione
1029 1968 1040 1990 ‚
1059 1933 1412 1979 commerciorum
1425 1933 1468 1978 in
1481 1933 1557 1979 hac
1569 1932 1675 1980 urbe
1685 1952 1782 1981 cura

118 2000 334 2049 commiffa
349 1999 506 2059 fuerat,
528 2001 575 2048 &
599 2016 698 2046 cum
718 1999 879 2047 duabus
897 2000 1075 2049 navibus
1094 2018 1144 2047 ac
1154 1998 1319 2065 reliquo
1329 2003 1536 2049 comitatu
1548 2001 1615 2048 hic
1627 2003 1784 2051 manse-

119 2084 206 2126 rat,
229 2068 443 2118 intellecto
464 2072 726 2136 Legatorum
745 2069 955 2129 adventu,
975 2069 1132 2135 scaphis
1148 2067 1312 2135 aliquot
1331 2072 1562 2137 magnifico
1580 2087 1785 2137 apparatu

119 2158 198 2187 nos
208 2139 392 2204 excepit.
425 2140 667 2186 Tormenta
678 2157 735 2186 ex
745 2138 922 2187 navibus
932 2138 1098 2198 ordine,
1107 2138 1273 2186 summo
1282 2156 1380 2186 cum
1390 2139 1783 2207 fragore,explode-

118 2209 289 2257 bantur.
320 2209 487 2254 Tartari
495 2209 721 2274 Magnates
730 2207 854 2254 nobis
865 2207 920 2255 ab
928 2211 1191 2273 Imperatore
1200 2207 1299 2254 socii
1316 2209 1472 2255 itineris
1482 2210 1584 2267 dati,
1594 2222 1784 2257 tormen-

119 2293 263 2326 torum
284 2278 471 2338 tonitrua
495 2278 542 2324 &
568 2278 742 2323 navium
761 2277 916 2324 formas
935 2294 1155 2340 nunquam
1176 2290 1273 2322 ante
1288 2276 1527 2342 conspectas
1545 2313 1557 2336 ,
1574 2278 1783 2325 admirari.

120 2350 237 2396 Mox
257 2347 436 2411 antiquo
454 2346 622 2410 excepti
645 2342 831 2409 hospitio
849 2346 1026 2411 Legati,
1042 2344 1189 2392 cuncta
1199 2360 1297 2390 cum
1316 2362 1413 2392 cura
1425 2359 1649 2411 praeparata
1664 2348 1707 2394 8<
1720 2346 1785 2393 di-

120 2414 270 2482 sposita
280 2417 535 2462 invenerunt
546 2450 560 2473 ,
579 2413 839 2477 Lantsmanno
859 2427 1082 2479 propterea
1092 2413 1292 2478 primario
1302 2415 1534 2462 Mercatori
1547 2416 1697 2481 gratias
1708 2413 1785 2463 fin-

123 2484 283 2553 gulares
293 2498 476 2550 agenteS.

193 2555 346 2602 Literae
355 2554 624 2619 Imperatoris
642 2550 695 2599 ad
714 2550 959 2599 Praefectum
980 2552 1194 2599 indiarum
1207 2551 1463 2599 Generalem
1482 2552 1624 2610 Johan.
1647 2555 1785 2598 Mlmr

125 2623 256 2681 zniker
278 2622 436 2688 scriptae
456 2658 470 2681 ,
497 2620 552 2667 ab
572 2623 738 2670 Henrico
758 2621 888 2667 &aron
906 2635 1139 2669 mercatore
1168 2620 1413 2668 secundario
1441 2620 1644 2667 ambabus
1665 2619 1781 2668 elatae

126 2690 319 2738 manibus
329 2691 405 2740 sub
421 2689 671 2738 umbraculo
688 2692 734 2737 &
753 2687 924 2737 duobus
941 2688 1127 2745 vexillis,
1149 2692 1359 2756 pompose
1378 2689 1653 2758 gestabantur.
1691 2689 1786 2736 Post

128 2777 228 2807 eum
247 2762 398 2828 Legati
419 2760 593 2809 Ordine
612 2758 855 2824 Magnifico
876 2773 1079 2823 apparatu
1091 2795 1103 2818 2
1122 2762 1168 2807 8<
1186 2773 1398 2806 tormenta
1410 2761 1453 2805 in
1464 2758 1611 2806 laetitiae
1623 2757 1787 2823 signum

129 2840 193 2875 ter
204 2828 374 2894 explosa
386 2868 400 2888 ‚
412 2828 625 2878 moenibus
635 2831 857 2876 innumera
866 2826 1140 2875 multitudine
1152 2865 1165 2887 ,
1181 2845 1424 2893 quanquam
1435 2827 1569 2874 serum
1580 2829 1663 2875 diei
1677 2827 1791 2885 essct,

130 2894 358 2961 spectatum
367 2897 502 2963 plenis
511 2936 526 2957 ,
543 2901 589 2947 &
609 2911 814 2946 eventum
834 2897 892 2943 rei
904 2898 1030 2945 avide
1041 2896 1362 2961 expectantibus
1382 2916 1392 2942 ε
1417 2895 1520 2944 nihil
1535 2899 1648 2944 enim
1660 2899 1789 2963 magis

130 2965 294 3025 incolae,
303 2983 430 3031 quam
444 2966 574 3015 libera
583 2985 682 3015 cum
690 2964 913 3014 Hollandis
922 2967 1190 3026 commercia,
1201 2965 1422 3031 optabant.

200 3035 348 3084 Altera
359 3037 429 3083 die
438 3034 652 3101 Vigefima
662 3038 777 3084 nona
786 3036 973 3103 Januarii
985 3036 1136 3102 Legati
1157 3052 1256 3082 cum
1268 3048 1364 3082 toto
1375 3036 1580 3082 comitatu
1591 3036 1792 3098 Proteges

130 3119 307 3154 matrem
317 3106 528 3172 Proregisj
534 3106 690 3153 unioris
699 3104 943 3170 aTutngmn
952 3103 1240 3165 fiilutaruimac
1251 3103 1475 3152 successum
1484 3106 1647 3170 negotii
1661 3118 1793 3165 expo-

1070 3173 1113 3220 Z
1616 3170 1796 3217 fuerunt.
