2114 3412
308 184 406 231 126
648 140 1001 239 ‘Parssb'cunda
1022 156 1301 242 Legationis
1321 158 1586 217 Patavicae

372 274 414 318 C
427 287 453 316 H
468 287 481 315 1
497 285 525 313 N
537 283 563 313 τ
582 285 594 313 ι
612 283 640 312 N
655 283 680 310 o
710 278 859 326 quarta
882 263 1112 312 Provinciae
1134 260 1392 327 Metropolis
1418 262 1531 325 jacet
1552 259 1604 307 ad
1626 260 1762 324 ripam
1781 259 1968 309 fluminis

303 339 493 404 Kikutho,
503 336 623 402 quod
633 328 828 383 territorii
840 333 1058 392 Austrum,
1070 335 1115 380 8(
1127 333 1307 380 Boream
1319 345 1488 379 montes
1501 333 1563 378 H
1562 348 1629 395 eng
1639 329 1843 377 claudunt
1854 351 1867 389 3
1882 348 1968 395 qua

304 411 535 456 Orientem
546 405 674 453 solem
683 403 839 470 specht
848 403 945 452 urbs
954 441 968 462 ,
990 404 1137 469 ingens
1148 419 1195 449 ac
1205 401 1481 469 magnificum
1495 398 1705 466 templum
1715 397 1844 446 Idolis
1855 400 1970 447 dica-

302 492 393 526 tum
403 511 417 531 ,
437 475 555 539 cujus
566 489 729 542 partem
742 472 1018 539 posteriorem
1040 489 1195 538 magna
1212 485 1398 535 occupat
1418 469 1511 517 aula
1522 471 1566 517 in
1578 486 1737 517 novem
1747 467 1877 516 divisa
1889 487 1969 517 cae..

302 537 474 605 nacula,
483 547 537 593 ad
548 547 739 611 quinque
753 543 1095 609 contignationes
1105 541 1273 608 assurgit
1284 577 1297 600 ,
1318 539 1466 605 easque
1478 540 1648 606 triginta
1660 541 1704 586 8(
1713 551 1886 585 centum
1898 557 1969 587 cu-

301 617 400 663 bitis
412 613 519 662 altas.
532 618 583 662 In
592 614 717 676 adyta
732 613 918 660 interiori
930 609 1060 658 statua
1071 609 1311 676 angusta‚&
1321 610 1470 676 ingens
1481 625 1637 674 magno
1649 607 1864 655 elaborata
1875 610 1970 657 arti-

302 687 403 734 ficio
424 683 448 748 (
458 687 596 749 Quin
610 680 777 729 ldolum
787 679 967 744 vocant)
981 678 1179 727 muliebri
1191 680 1359 745 virginis
1369 679 1506 746 figura
1516 678 1570 725 ad
1580 692 1660 725 tres
1670 677 1789 743 supra
1800 676 1968 743 septua-
1988 711 1993 716 -

302 757 419 820 ginta
434 752 616 800 ascendit
626 750 800 799 cubitos,
839 752 1046 798 Civitates
1058 762 1253 795 numerat
1264 750 1436 814 triginta
1445 748 1563 807 duas,
1580 743 1770 812 Chinting,
1782 746 1971 815 Chinklng,
2032 771 2038 779 =
2096 740 2114 759 '¹

303 825 451 882 Hom,
476 825 692 886 Lungxeu,
718 820 942 885 Rhocln'ng,
960 819 1125 882 Loching
1139 817 1508 882 ,UulzifflPingxasb
1521 815 1972 882 Heupitg,'1‘⁴1'ng‚Sinlo‚

302 894 477 957 Kioyng
497 925 510 944 ,
545 893 726 955 Hintarzg
744 924 757 943 2
780 891 839 951 Ki
851 926 863 948 ,
888 889 1105 953 Nancung,
1129 886 1242 933 Sinho
1255 924 1267 947 ,
1289 886 1493 952 Caokiang,
1515 888 1642 950 Vwe,
1663 888 1758 948 Cyn,
1781 888 1968 953 Ganping‚

302 964 473 1025 Jaoyang
494 996 506 1019 ,
535 959 701 1024 Wzkiang
722 994 734 1017 ,
762 958 858 1004 Clmo
875 995 888 1017 ,
904 957 1073 1023 Pelnzmg
1089 992 1102 1015 ,
1127 958 1328 1023 Lungpitgg
1350 993 1363 1016 ,
1387 958 1515 1018 Caoye,
1538 958 1721 1021 Lfflcing,
1749 955 1972 1023 Ganhoc'mg‚

304 1030 476 1094 ngcin
489 1066 502 1088 ‚
523 1037 585 1080 X
587 1033 623 1075 in
644 1064 657 1087 ‚
687 1031 907 1091 Hengxui,
929 1029 974 1074 8(
997 1028 1031 1073 Y
1026 1029 1149 1073 uenxi.
1192 1028 1412 1092 Praecipuae
1429 1025 1524 1073 sunt
1545 1023 1662 1090 Ting,
1677 1024 1842 1084 Clm0‚&
1853 1032 1919 1077 X
1918 1029 1970 1076 in.

368 1103 416 1147 X
429 1115 458 1144 u
471 1115 501 1157 N
513 1116 539 1144 r
556 1117 580 1144 E
599 1099 749 1162 quinta
769 1098 997 1144 Provincia:
1006 1093 1270 1159 Metropolis
1289 1095 1548 1161 conspicitur
1565 1096 1672 1142 intra
1680 1095 1893 1142 montium
1904 1113 1972 1144 ca-

301 1169 470 1215 cumina
490 1167 543 1214 ad
563 1169 698 1232 ripam
717 1167 850 1213 amnis
868 1168 1005 1230 Tang,
1025 1165 1100 1230 qui
1111 1182 1165 1211 ex
1176 1163 1271 1212 lacu
1284 1163 1382 1212 Talo
1395 1178 1539 1212 ortum
1550 1162 1691 1212 habet.
1728 1165 1971 1222 Qifrudffi
2039 1184 2041 1186 ·
2075 1154 2101 1194 ’ἶ

302 1238 498 1302 aquatico
509 1273 520 1295 ,
542 1237 681 1286 Linlzia
702 1234 818 1282 dium
832 1274 843 1294 ‚
863 1252 939 1301 per
958 1232 1193 1282 universam
1214 1233 1449 1282 celebratur
1459 1236 1491 1282 S
1492 1238 1601 1281 inam.
1637 1235 1723 1280 Hic
1733 1232 1888 1282 studius
1901 1237 1972 1283 tri-

301 1304 391 1353 buli
404 1304 491 1352 fere
505 1306 685 1373 figuram
697 1303 826 1351 habet
835 1340 846 1362 ,
870 1302 1050 1351 adinstar
1061 1301 1322 1370 triangularis
1333 1303 1560 1370 pyramidis
1570 1303 1861 1369 undequaque
1868 1321 1973 1370 pro-

302 1376 478 1422 minens.
512 1376 690 1421 Cortice
701 1374 822 1420 viridi
833 1407 848 1428 ,
859 1376 904 1421 8(
913 1372 1093 1420 craffiori
1103 1372 1176 1428 est,
1187 1373 1243 1420 ad
1253 1375 1391 1439 apices
1401 1371 1650 1420 rubescente
1661 1409 1673 1432 ,
1683 1374 1788 1421 dum
1798 1371 1973 1435 siccatur

305 1444 514 1511 ingrescit‚
523 1444 709 1491 interiori
720 1441 943 1490 substantia
954 1440 1156 1489 albiffirnfi
1168 1479 1180 1502 ‚
1197 1441 1344 1507 sapore
1350 1441 1548 1490 castaneae
1559 1443 1677 1489 nucis
1688 1476 1702 1498 ,
1714 1460 1781 1490 ma
1786 1444 1973 1511 gnitudi-

305 1532 360 1561 ne
369 1527 469 1570 tres,
488 1528 725 1578 quatuorve
742 1526 893 1577 aequat.
922 1515 971 1559 ln
990 1510 1277 1579 stagnantibus
1285 1514 1402 1577 aquis
1411 1530 1489 1578 per
1500 1525 1636 1560 totam
1647 1513 1789 1560 Sinam
1796 1511 1943 1562 seritur
1955 1536 1971 1574 3

303 1581 447 1648 planta
456 1581 568 1629 foliis
580 1581 639 1629 est
656 1581 834 1629 exilibus
850 1615 864 1636 ,
880 1580 1123 1646 longissimo
1139 1581 1271 1630 trafiu
1281 1599 1356 1648 per
1367 1599 1486 1648 aquae
1494 1580 1699 1630 summam
1707 1581 1972 1648 superficiem

304 1650 660 1717 proserpentibus.
685 1654 769 1700 Hic
778 1652 942 1718 optima
955 1653 1000 1699 8(
1012 1648 1268 1699 subtilissima
1280 1669 1402 1700 arena
1412 1653 1619 1718 reperitur
1630 1651 1683 1699 ad
1692 1669 1880 1718 gemmas
1894 1671 1973 1719 po-

302 1719 462 1769 liendas
484 1723 635 1771 miride
654 1739 700 1769 ac
722 1721 865 1787 tripoli
885 1719 1131 1777 meliorest,
1154 1719 1319 1769 abradit
1335 1723 1552 1781 enim,nec
1563 1719 1759 1769 offendit.
1792 1724 1972 1773 Novem
2030 1764 2035 1768 .
2079 1737 2090 1789 ζ

303 1789 379 1837 sub
394 1809 443 1838 ea
452 1794 640 1840 civitates
650 1792 743 1840 sunt
755 1830 767 1852 ,
785 1801 849 1844 X
848 1806 934 1840 unte
947 1826 959 1850 ,
977 1797 1040 1842 X
1041 1791 1130 1851 abo,
1152 1791 1301 1839 Nanho
1314 1827 1327 1853 ,
1344 1791 1566 1860 Pinghimg,
1579 1793 1822 1859 Qngcung,
1835 1794 1972 1856 Kiulo,

303 1858 525 1924 Tlmngxan
534 1895 548 1915 ,
570 1862 737 1919 Nittkicu
749 1865 794 1911 &
807 1866 891 1911 Gin.

376 1933 463 1984 Qu
478 1948 502 1975 A
519 1949 546 1975 N
562 1948 582 1974 P
600 1949 611 1976 1
628 1949 654 1976 N
667 1949 693 1975 G
727 1930 841 1979 sexta
860 1935 1088 1981 Provinciae
1110 1933 1372 2000 Metropolis
1387 1968 1402 1989 ,
1418 1933 1539 1997 cujus
1556 1933 1814 1980 territorium
1832 1931 1973 1981 fluviis

304 1998 350 2045 Si
363 1999 408 2045 &
424 2001 556 2064 Mrg,
568 2001 707 2064 quiex
719 2000 898 2048 flumine
915 2005 1031 2060 Guei,
1049 2005 1096 2050 8(
1120 2003 1329 2069 Chochang‚
1348 2004 1490 2068 quiex
1509 2001 1605 2049 lacu
1624 2001 1746 2067 supra
1763 2001 1878 2050 ὀὶᾶο
1891 2001 1971 2049 sca-

302 2068 416 2114 turit.
452 2069 536 2113 Hic
546 2068 650 2116 nihil
662 2082 813 2117 notatu
824 2070 1004 2136 dignum
1014 2074 1211 2130 occurrit,
1222 2090 1349 2137 quam
1362 2071 1482 2137 quod
1495 2073 1604 2119 Sinae
1615 2071 1684 2119 hic
1695 2073 1886 2119 Heroem
1896 2089 1969 2136 ap-

301 2136 478 2200 paruisse
491 2136 654 2198 volunr‚
663 2140 737 2203 qui
751 2141 896 2187 incerti
908 2142 1029 2204 pueri
1046 2142 1236 2188 animum
1246 2155 1372 2189 tantae
1382 2140 1592 2206 sapientiae
1603 2140 1714 2187 idaeis
1727 2140 1882 2188 imbuit
1895 2177 1908 2200 ,
1922 2154 1972 2189 ut

300 2206 443 2269 primo
456 2205 639 2254 summus
655 2206 946 2274 PhilosophuS,
960 2209 1116 2257 deinde
1128 2210 1189 2257 ob
1202 2209 1416 2259 scientiam
1428 2212 1662 2276 praecipuus
1673 2211 1846 2275 Imperii
1863 2212 1972 2258 Prae-

300 2272 432 2322 feffitus
449 2275 635 2323 evaserit.
679 2279 854 2325 Novem
875 2280 1064 2327 civitates
1079 2279 1368 2342 jurisdiffione
1385 2278 1680 2345 compleciitur
1700 2315 1712 2338 ‚
1749 2282 1946 2347 aning
1959 2317 1974 2341 ,

300 2344 486 2407 KiOCl-’elb
511 2345 692 2411 Fihiang,
712 2346 813 2408 Kice
826 2383 839 2405 ,
861 2350 924 2395 H
923 2364 1058 2407 antem,
1076 2351 1321 2415 Qangping‚
1340 2350 1553 2416 Chinggan,
1577 2353 1673 2397 Guei
1690 2351 1736 2396 &
1755 2349 1899 2413 Cingho.

370 2414 414 2458 T
425 2430 451 2458 A
469 2431 528 2459 Ml
541 2432 565 2458 N
577 2432 602 2459 o
623 2415 797 2481 septima
813 2419 1046 2464 Provinciae
1057 2418 1337 2484 Metropolis,
1357 2419 1413 2467 ad
1424 2419 1607 2466 radicem
1616 2419 1772 2464 montis
1783 2414 1882 2465 Talo
1894 2436 1971 2484 po-

300 2477 373 2527 sita
385 2480 456 2528 est.
486 2484 588 2529 Haec
598 2487 782 2532 maxime
795 2485 995 2534 Australis
1005 2486 1130 2551 hujus
1146 2489 1377 2535 Provincia:
1387 2488 1483 2535 urbs
1491 2486 1549 2534 est
1559 2521 1572 2544 ,
1589 2484 1972 2547 cujusterritorium

300 2548 355 2594 ad
375 2551 555 2598 Boream
576 2555 671 2599 Guei
693 2554 869 2610 fluvius,
889 2555 943 2603 ad
961 2555 1163 2603 Austrum
1175 2552 1333 2618 [roceas
1345 2556 1500 2604 claudit
1521 2575 1531 2601 τ
1551 2573 1635 2621 qua
1647 2569 1765 2621 patet
1784 2556 1972 2604 flumini-

300 2615 379 2664 bus
394 2618 651 2686 lacubusque
662 2623 879 2690 irriguum.
909 2627 1045 2672 Lacus
1054 2627 1097 2672 in
1110 2643 1165 2672 eo
1175 2627 1396 2694 o&oginta
1407 2625 1635 2674 stadiorum
1644 2624 1809 2673 ambitu
1819 2625 1972 2673 delica-

300 2686 396 2734 tulis
406 2688 821 2753 piscibusabundans.
857 2695 972 2741 Mira
983 2694 1058 2741 soli
1075 2694 1264 2744 fertilitas
1282 2699 1328 2745 8(
1342 2696 1562 2744 amaenitas.
1597 2693 1798 2742 Divisum
1815 2694 1876 2742 'ab
1893 2697 1971 2743 Υνο

300 2754 345 2799 in
359 2758 460 2804 duas
472 2758 575 2806 olim
591 2763 829 2809 Provincias
845 2799 856 2821 ‚
873 2781 966 2829 pars
984 2765 1120 2811 Borea
1140 2765 1194 2812 ad
1203 2765 1373 2828 Kicheu,
1392 2761 1625 2812 Australior
1636 2763 1690 2810 ad
1702 2766 1737 2810 Υ
1732 2782 1775 2811 en
1786 2765 1972 2830 pertine-

300 2819 374 2870 bat
385 2861 396 2883 ,
422 2826 489 2873 illa
508 2828 584 2876 sub
595 2829 807 2878 asterismo
817 2836 891 2879 Xe
902 2867 915 2887 2
938 2834 1027 2880 haec
1044 2831 1121 2880 sub
1142 2835 1222 2883 Pie.
1262 2836 1347 2881 Hic
1356 2837 1509 2898 Xanga
1519 2832 1800 2896 antiquissima
1811 2832 1972 2882 familia

303 2896 526 2953 quondam
548 2901 720 2964 Imperii
738 2900 881 2948 sedem
900 2904 1051 2950 tenuit.
1087 2902 1358 2950 Hodiernum
1379 2918 1541 2949 nomen
1557 2902 1580 2948 a
1596 2905 1722 2967 Sanga
1735 2901 1890 2949 familia
1898 2903 1970 2950 ha-

301 2962 389 3008 bet.
421 2966 637 3015 Undecim
660 2969 847 3018 recenset
868 2972 1080 3031 civitates,
1100 2970 1288 3037 Taming‚
1310 2969 1495 3036 Taming,
1523 2970 1662 3019 Nanlo
1675 3009 1689 3030 ,
1715 2975 1838 3031 Guei,
1863 2973 1970 3036 Cing-

287 3029 424 3148 ἐξ,
444 3031 649 3103 Nuihoang
670 3071 684 3093 ‚
706 3040 830 3105 Sinus,
860 3041 956 3089 Hoa
973 3076 987 3100 ‚
1007 3042 1093 3104 Kal
1109 3075 1122 3101 ,
1147 3038 1352 3106 (quarum
1371 3041 1575 3106 primariae
1600 3037 1719 3104 sunt)
1742 3035 1971 3105 Changyven

409 3118 589 3167 ngmug
1949 3131 1955 3136 -

1758 3175 1760 3177 ’
1803 3176 1969 3245 JUNG-
