2150 3370
396 129 462 188 acl
469 132 613 197 M
609 150 779 215 agnum
795 128 1050 189 Tartariae
1065 133 1287 215 Sinaeque
1303 131 1557 210 chamum.
1733 158 1762 196 2
1771 161 1800 205 9

132 234 236 292 fuit,
253 233 355 281 dum
367 253 441 300 per
453 233 687 301 longinqua
696 247 897 282 terrarum
911 235 1169 299 naviumque
1186 238 1362 284 certiora
1374 238 1627 297 afferuntur,
1643 240 1799 286 Zachtzae
1819 261 1972 294 Zacharias

134 305 436 369 rianzngenaer
455 305 510 351 ad
525 306 720 370 Proreges
740 302 1032 350 Cantonenses
1053 302 1246 370 ablegare
1259 337 1272 357 ‚
1293 308 1365 369 qui
1377 307 1540 354 duabus
1555 307 1730 357 navibus
1752 312 1794 356 in
1815 302 1974 376 Eissf'gom

134 372 242 419 ostio
253 371 390 420 insulae
405 376 467 420 H
465 387 626 435 eytmnon
640 374 756 438 apud
770 391 928 440 pagum
948 373 1148 437 lVangfim,
1167 372 1300 420 tribus
1319 375 1427 421 infra
1446 379 1693 424 Cantonam
1707 378 1796 425 mil-
1815 388 1948 417 mittitur·

132 441 321 498 liaribus,
340 440 517 507 appulit.
553 445 698 490 Socius
713 444 869 489 itineris
889 442 1067 496 schedel,
1093 441 1281 489 lentioris
1292 442 1483 507 pertaesus
1495 462 1620 492 morae
1631 446 1798 494 exscen-

131 512 196 559 dit
203 549 216 570 ,
234 529 281 558 ac
292 513 352 558 H
352 526 513 572 eytommz
522 511 793 577 compellavit
804 548 816 571 ‚
826 510 1155 559 dissuadentibus
1166 510 1467 576 Interpretibus
1477 549 1489 571 ,
1499 512 1552 559 ab
1565 532 1619 561 eo
1629 516 1683 562 ad
1696 514 1799 562 Tou»

130 596 282 644 tangam
295 578 477 627 remiffus
497 599 506 624 ε
542 579 614 627 illo
626 581 818 640 absente,
842 599 971 645 vagus
982 579 1226 645 aliquandiu
1238 583 1282 628 in
1295 580 1437 627 littore
1450 618 1462 640 ,
1481 599 1578 628 cum
1594 585 1797 648 interpre-

132 663 192 696 tes
203 648 435 714 periculum
447 648 521 695 fibi
541 651 761 697 imminere
771 649 1041 697 ostenderent
1052 686 1064 709 ,
1082 648 1156 696 nisi
1176 668 1281 697 mox
1299 650 1339 696 se
1358 651 1413 697 ad
1423 650 1513 697 suos
1524 653 1565 696 in
1585 654 1725 698 navim
1739 672 1800 700 re-

132 720 294 783 ciperet
305 755 317 777 ,
336 717 408 765 illo
429 720 678 782 pertinacius
692 719 906 767 recusante
919 721 964 766 8<
975 721 1118 784 potius
1136 717 1294 767 coelum
1314 732 1553 783 terramque
1570 720 1799 786 hospitium

132 786 344 855 eligente,
364 789 570 852 Interpres
583 788 749 853 Tienqua
763 787 839 854 ipsi
858 788 977 836 suum
989 787 1160 835 obtulit.
1205 787 1401 854 Suspe&a
1423 787 1499 854 ipsi
1518 806 1580 836 res
1606 806 1616 833 t
1637 792 1695 836 ita
1709 808 1799 838 nox

133 855 343 904 trarisa&a.
389 860 500 904 Orta
519 855 612 903 luce
636 859 823 923 Toutangi
849 858 1097 905 Secretarius
1122 857 1237 904 haud
1266 857 1527 923 prosperiora
1550 861 1767 906 nunciavit
1788 879 1797 905 :

139 930 336 987 Occupatos
349 930 487 989 Magni
499 921 752 993 Chamifizlfis
762 926 961 974 rumoribus
974 945 1162 986 aures,72ec
1173 926 1241 987 nifi
1250 928 1392 990 publica
1403 928 1606 992 Legatione
1615 928 1800 992 instruflos

132 1010 214 1040 tuto
225 994 427 1058 Pekingam
438 999 718 1061 appropinquare
732 997 842 1059 posse.
886 995 1159 1043 Accesserunt
1171 998 1216 1043 8<
1230 995 1348 1043 aliaea
1364 995 1622 1062 Mzkoenfibus
1640 995 1799 1044 calum«

133 1065 234 1111 niae:
262 1081 354 1129 quae
370 1067 514 1110 omnia
528 1063 777 1111 videbantur
791 1065 1049 1128 portendere
1068 1068 1342 1132 negotiorum
1357 1066 1401 1111 in
1415 1067 1514 1112 Sina
1533 1083 1588 1111 eo
1604 1079 1799 1131 tempore

133 1130 533 1180 sufflaminationem
556 1169 568 1192 ‚
594 1151 693 1180 cum
716 1133 904 1182 Lusitani
926 1133 1030 1181 nihil
1053 1137 1300 1182 omitterent
1319 1169 1333 1189 ‚
1355 1135 1477 1199 quod
1497 1134 1551 1180 ad
1574 1136 1688 1181 Sinas
1708 1133 1799 1188 fibi,

131 1200 339 1250 solvendo
362 1201 519 1249 tributa
539 1204 724 1250 triennio
744 1205 889 1251 omissa
909 1240 921 1263 ,
947 1202 1236 1252 conciliandos
1259 1203 1463 1268 speEtaret
1485 1240 1497 1263 ,
1533 1221 1633 1250 nam
1655 1208 1798 1268 Eques

134 1272 336 1318 S.Crucis
358 1270 503 1321 Mzkod
517 1270 738 1332 Kantonam
760 1286 955 1328 venerat,
976 1286 1025 1320 ut
1045 1271 1146 1339 ipsi,
1165 1286 1373 1339 praetextu
1395 1276 1574 1337 rapinae,
1590 1271 1656 1333 jus
1677 1275 1798 1319 Bata-

132 1341 235 1388 vicae
260 1341 478 1387 Societatis
492 1359 622 1389 naves
635 1340 856 1390 detinendi
868 1342 1193 1398 concederetur,
1218 1342 1359 1389 donec
1367 1344 1518 1390 certius
1527 1340 1717 1406 diploma
1727 1342 1799 1387 Pe-

134 1410 250 1476 kingae
267 1409 522 1458 obtinuisset.
558 1414 821 1477 Qanquam
843 1411 1004 1460 schedel
1012 1411 1174 1460 blandis
1199 1413 1358 1459 interea
1375 1410 1581 1476 promissis
1600 1413 1644 1457 8<
1666 1428 1799 1458 excu-

133 1477 295 1526 satione
316 1491 403 1525 tarn
425 1476 563 1546 longae
581 1497 709 1527 morae
731 1516 743 1539 ‚
761 1495 969 1545 praetextu
989 1480 1210 1545 cujusdam
1227 1479 1487 1537 rebellionis,
1509 1482 1578 1526 cui
1598 1479 1798 1544 pacandae

132 1548 191 1594 ad
210 1551 439 1614 Proregem
455 1547 671 1610 juniorem
690 1547 854 1614 aliquot
875 1548 1057 1597 militum
1085 1548 1252 1616 Pekmgfi
1280 1549 1487 1613 myriades
1507 1549 1629 1596 missa:
1640 1549 1796 1607 forent,

132 1614 365 1664 labiaretur.

201 1686 586 1749 Wzgenaerincertus
598 1721 610 1742 ,
629 1703 759 1751 quem
772 1704 834 1732 res
843 1684 1038 1732 habitura
1049 1684 1148 1732 esset
1156 1685 1322 1731 exitum
1333 1721 1346 1743 ,
1356 1685 1463 1732 arcora
1475 1683 1618 1731 medio
1629 1697 1795 1749 tempo·
1815 1691 1962 1747 xvagena„

133 1755 186 1801 ris
194 1752 536 1812 custodia,tribus
550 1754 785 1800 Sinensium
799 1752 971 1816 Scaphis
979 1753 1150 1810 ςὶηᾶυε,
1165 1752 1339 1798 tandem
1350 1753 1576 1799 Schedelinm
1585 1788 1596 1809 ‚
1607 1752 1794 1801 Scribam
1813 1733 1975 1804 siiiriiffstffi

134 1821 325 1888 Toutngi
335 1858 348 1880 ,
368 1821 646 1869 Mandarinos
652 1820 870 1885 Taykoetfin
881 1823 927 1867 8<
938 1818 1134 1886 Thiapang
1145 1821 1243 1868 navi
1253 1819 1322 1868 sua
1329 1823 1502 1886 reecpit,
1511 1823 1585 1887 qui
1595 1839 1688 1867 eam
1700 1840 1796 1887 pro-

134 1895 228 1958 pius
249 1890 399 1938 urbem
420 1890 476 1937 ad
493 1892 752 1957 quingentos
773 1890 908 1955 passus
925 1889 1246 1937 admovendum
1263 1889 1502 1937 referebant
1520 1926 1532 1948 ,
1559 1889 1685 1936 caufis
1703 1910 1795 1956 qua:

133 1979 225 2011 non
237 1960 366 2008 essent
375 1959 645 2025 exponendae
655 1959 715 2006 ob
727 1960 933 2006 Tartarici
947 1959 1086 2005 Ducis
1093 1960 1289 2005 viciniam
1301 1995 1313 2018 ,
1334 1960 1475 2007 donec
1496 1962 1540 2006 in
1559 1958 1725 2024 longius
1736 1979 1796 2007 re—

136 2029 316 2077 ceffiffet.
347 2027 678 2077 Exhibebantur
688 2030 833 2077 omnia
841 2029 1031 2076 amicitiae
1043 2028 1199 2087 officia,
1208 2026 1329 2093 sparsi
1340 2028 1462 2075 flores
1475 2065 1487 2086 ,
1501 2047 1674 2076 munera
1685 2028 1798 2088 data,

137 2098 394 2166 pensataque
412 2097 580 2163 paribus
599 2118 609 2143 ε
634 2098 707 2146 sed
718 2116 843 2146 naves
855 2099 1066 2146 Batavicas
1079 2099 1247 2144 Tartari
1260 2098 1406 2145 ariiius
1424 2097 1703 2146 observabant
1715 2134 1727 2156 ,
1747 2115 1795 2144 ac

138 2187 195 2217 ne
217 2168 321 2233 quid
341 2168 394 2215 ad
414 2166 500 2215 illas
519 2166 819 2216 oblefflamenti
833 2167 1147 2234 deportaretur,
1168 2165 1372 2232 dispositis
1393 2166 1572 2232 scaphis,
1588 2165 1798 2214 sollicitius

138 2254 282 2285 curare
301 2235 562 2286 videbantur.

207 2305 487 2354 Mandarinus
507 2309 709 2367 Heytouw
730 2304 953 2370 splendido
970 2303 1141 2370 stipatus
1161 2305 1367 2350 comitatu
1386 2306 1644 2368 Wzgenarium
1673 2301 1796 2350 solito
1815 2314 1971 2362 Mandorja

141 2389 370 2440 exceptum
385 2373 571 2440 hospitio
582 2410 596 2433 ,
611 2374 666 2420 ad
678 2372 816 2421 aulam
829 2375 1018 2439 Proregis
1028 2374 1255 2419 invitatum
1269 2408 1281 2430 ,
1297 2388 1394 2418 cum
1406 2371 1573 2418 duobus
1585 2374 1701 2436 equis
1712 2389 1796 2419 ma-
1813 2358 1960 2428 ffiffilffii

142 2445 304 2493 cilentis
313 2443 499 2492 adduffis
517 2441 684 2508 (quales
693 2445 970 2490 Tartarorum
982 2442 1061 2489 esse
1071 2438 1229 2504 solent>
1237 2442 1325 2505 jam
1338 2458 1473 2488 unum
1482 2439 1797 2495 conscenderet,
1815 2440 1938 2512 ἵξῃᾚζ·

144 2526 319 2580 repente
329 2531 445 2560 novo
456 2511 718 2578 perturbavit
729 2515 888 2559 nuncio
903 2549 915 2571 ,
933 2513 1045 2559 varia
1056 2528 1241 2575 quaerens
1251 2544 1264 2565 ,
1280 2508 1351 2556 sed
1372 2509 1533 2557 summa
1549 2511 1743 2555 omnium
1753 2511 1798 2556 in
1814 2491 1834 2523 g
1875 2504 1881 2512 ⁸
1927 2505 1931 2510 ⁴

146 2580 434 2652 largitionibus
452 2579 703 2628 consistebat
724 2602 737 2638 3
772 2598 840 2628 non
866 2582 973 2628 aliam
997 2580 1048 2627 ad
1071 2581 1268 2646 Proregem
1290 2584 1390 2626 viam
1411 2580 1505 2625 dari.
1554 2577 1799 2642 Inquirebat

151 2655 276 2700 etiam
285 2654 328 2698 in
339 2650 474 2699 literas
484 2651 538 2699 ad
552 2653 741 2716 Mirgnum
762 2649 1019 2715 Pekingensem
1033 2649 1204 2698 Chamum
1214 2682 1228 2703 ‚
1251 2647 1488 2712 Toutangum
1505 2645 1795 2708 Kantonenfi’rm

151 2722 226 2768 Ad
237 2740 342 2786 quae,
350 2736 397 2769 ut
408 2739 469 2768 res
478 2719 730 2786 tempusque
742 2717 1258 2784 postulabat‚responsum3
1267 2721 1431 2764 Mmem
1441 2732 1552 2779 neque
1563 2714 1798 2780 deeffi’,rzeq1ce

151 2787 317 2844 obtrudi,
333 2792 538 2837 commercia
553 2786 784 2849 Cantonenfia
804 2806 898 2835 more
911 2792 1076 2853 gentium
1091 2791 1192 2851 peti,
1209 2789 1271 2834 vel
1286 2785 1502 2832 audientiam
1510 2786 1634 2849 Regis.
1671 2786 1799 2833 Pausa

153 2857 407 2922 interposita,
424 2858 666 2924 responsum
684 2877 694 2903 z
714 2856 780 2920 ipfi
787 2856 926 2922 quidem
937 2860 1150 2923 Wagenario
1169 2856 1309 2920 negari
1321 2854 1374 2901 ad
1387 2856 1612 2919 Proregem
1623 2854 1798 2911 aditum;

152 2940 349 2974 caeterum
366 2926 500 2976 literas
518 2946 618 2975 eum
637 2927 775 2993 legere
794 2944 883 2974 non
907 2926 1232 2974 detreRaturum
1245 2961 1257 2983 ,
1275 2941 1376 2988 quas
1393 2921 1578 2969 haberet.
1623 2923 1800 2970 Exhibi-

153 3008 232 3054 tas‚
245 3014 324 3043 nec
333 2994 583 3062 resignatasa
596 3001 777 3063 Prorege
787 3000 992 3061 Interpres
1001 2994 1174 3042 restituit
1196 3010 1208 3036 t
1247 2993 1345 3040 Non
1366 3008 1504 3056 aequum
1524 2991 1705 3039 referens
1720 3011 1802 3039 eum

155 3065 290 3126 videre,
299 3066 362 3113 vel
367 3069 507 3131 affloqm',
515 3068 660 3128 quisine
672 3066 797 3125 literis,
805 3062 1066 3131 muneribtfilue
1074 3061 1124 3109 ad
1133 3061 1304 3123 Caesarem
1317 3063 1582 3127 Pekingetfim,
1593 3080 1672 3108 cum
1680 3062 1804 3106 moniti

1150 3132 1199 3177 D
1237 3148 1262 3197 3
1305 3168 1309 3173 .
1638 3129 1809 3193 fuiffent9
