2150 3370
138 256 283 289 venientia

136 299 259 331 urbium.

127 1140 296 1171 Hominum

129 1182 263 1214 multitu-

127 1223 178 1257 do.

131 2451 252 2491 Imperii

132 2492 250 2525 reditus.

322 154 356 200 6
681 137 821 197 Pars
829 132 994 215 prima
1012 127 1293 218 Legationis
1313 130 1602 208 Patavicae,

321 245 484 312 gnitate
505 244 551 291 &
574 237 799 305 privilegiis
815 236 1010 287 consistit.
1048 240 1168 304 Pagi,
1178 239 1283 298 vici,
1296 238 1675 304 &parochia,licet
1684 236 1979 286 circumferen-

320 317 377 363 tia
388 347 403 368 ‚
427 316 472 360 8(
492 306 766 359 multitudine
780 307 915 373 plebis
924 325 1025 355 cum
1032 306 1266 356 minoribus
1276 345 1289 366 ,
1308 325 1401 372 quae
1413 310 1519 355 Sinis
1532 309 1654 366 chien,
1663 321 1826 354 certent
1836 343 1848 365 ‚
1866 306 1980 354 urbis

320 381 446 432 titulo
462 379 649 445 gaudere
659 377 943 444 prohibentur
954 412 972 443 ‚s
983 379 1084 443 quia
1100 375 1303 426 maenibus
1322 375 1518 425 destituta
1529 394 1619 425 non
1636 375 1712 424 suo
1723 412 1735 436 2
1753 375 1825 425 sed
1838 375 1979 424 alieno

319 448 561 516 magistratu
580 461 797 514 reguntur.

359 524 399 569 U
406 535 461 565 na
470 516 556 566 fera
564 515 764 565 omnibus
774 514 961 571 urbibUS‚
969 512 1226 580 oppidisque
1236 512 1372 561 forma
1382 513 1455 572 est,
1465 513 1661 563 siru5³tura
1671 515 1873 580 quadrata
1876 511 1928 568 ,al
1934 515 1983 561 tis

316 587 493 653 latisque
514 588 640 635 muris
651 589 696 634 8(
709 584 911 643 turribus,
933 583 1074 649 ampla
1083 582 1184 631 foffa
1195 618 1207 642 ‚
1229 585 1361 649 portis
1372 582 1611 650 duplicibus
1626 617 1640 638 ,
1661 601 1840 648 quarum
1852 582 1982 630 altera

317 676 375 705 ex
396 659 530 722 prima
547 654 734 722 conspici
757 671 846 701 non
856 652 1020 719 potest3
1041 651 1126 700 lata
1144 652 1434 700 intercedente
1454 653 1510 700 ad
1533 654 1783 700 exercitium
1798 650 1983 699 militum

316 744 425 775 area.
462 727 596 773 Portis
615 723 821 790 impositae
841 721 1039 788 praecelsae
1058 734 1189 769 turres
1206 721 1324 770 velut
1334 720 1531 788 speculae,
1549 740 1651 787 quas
1669 726 1792 771 Nluen
1809 723 1888 778 Jeu
1908 739 1984 767 vo-

314 808 425 843 cant.
460 793 669 842 Suburbia
689 792 941 858 plerumque
952 794 1022 841 hic
1030 804 1118 840 tam
1130 790 1270 857 ampla
1289 793 1335 839 8(
1354 789 1530 857 spatiosa
1539 791 1776 856 spefitantur
1786 827 1801 848 ,
1822 803 1871 836 ut
1879 789 1984 855 saepe

315 882 400 930 prae
412 862 563 929 populi
576 862 850 911 multitudine
872 864 1051 929 geminae
1061 874 1267 926 putentur
1276 859 1414 908 urbes.
1447 864 1497 909 In
1509 859 1607 908 loco
1618 858 1838 926 paululum
1850 860 1873 906 a
1884 876 1982 907 mae-

314 933 440 982 nibus
462 946 632 981 remoto
651 933 896 980 &maxime
905 948 1069 979 amaeno
1079 948 1164 978 una
1175 944 1223 978 ut
1244 931 1470 978 minimum
1489 929 1747 995 conspicitur
1767 930 1914 988 turris,
1937 931 1984 978 in

315 1005 567 1050 memoriam
586 1000 756 1068 insignis
772 1002 864 1050 Viri
878 998 1041 1059 struita,
1049 1001 1117 1048 cui
1128 999 1256 1066 prisca
1264 1001 1401 1068 gentis
1409 999 1644 1065 superstitio
1652 998 1804 1047 sortem
1815 996 1984 1064 prospe-

313 1089 404 1120 ram
414 1085 486 1119 aut
497 1071 710 1120 adversam
730 1069 987 1137 praedicendi
998 1068 1241 1118 facultatem
1252 1070 1488 1118 affinxerat.

359 1144 514 1208 Ingens
520 1142 748 1189 hominum
758 1138 993 1188 multitudo
1004 1159 1013 1186 :
1025 1152 1170 1187 totum
1179 1141 1408 1205 imperium
1418 1153 1536 1187 extra
1544 1139 1700 1205 pariter
1707 1155 1756 1186 ac
1770 1139 1878 1187 intra
1889 1156 1984 1187 mae-

316 1212 457 1265 niaiiS,
467 1209 584 1259 velut
593 1209 839 1268 fornicibus,
852 1208 979 1257 scatet
1001 1228 1011 1255 ε
1037 1223 1187 1275 praeter
1196 1210 1382 1276 Regiam
1397 1206 1984 1274 domum2Magistratu8,Eu-

316 1280 481 1329 nuchos
499 1316 512 1340 ,
535 1279 698 1329 Milites
719 1314 734 1336 2
757 1278 1003 1328 Sacerdotes
1021 1315 1033 1338 ‚
1053 1280 1087 1326 F
1089 1281 1256 1327 aeminas
1277 1280 1324 1326 &
1345 1277 1529 1326 Infantes
1549 1279 1862 1344 quinquaginta
1881 1277 1982 1326 οᾶο

315 1349 540 1409 milliones‚
549 1364 770 1417 nongenta
781 1351 828 1397 8(
840 1348 1165 1415 quatuordecim
1175 1347 1319 1405 millia,
1331 1348 1514 1396 ducenta
1523 1384 1535 1407 ,
1545 1347 1764 1413 orfioginta
1779 1360 1981 1413 quatuor,

319 1419 379 1484 58
393 1456 405 1479 ,
417 1437 444 1482 9
455 1438 470 1466 1
480 1438 528 1484 4,
545 1420 648 1484 284.
662 1420 888 1468 hominum
899 1418 1006 1467 virili
1018 1418 1341 1468 aetate'referunt
1352 1420 1567 1466 rationum
1588 1415 1854 1482 publicarum
1873 1415 1983 1465 libri.

314 1491 362 1536 N
367 1506 416 1535 ec
430 1490 515 1536 hoc
532 1488 678 1538 imiimi
688 1489 1013 1538 admirationem
1023 1502 1222 1549 moveat,
1240 1505 1340 1536 nam
1357 1486 1538 1535 fimurus
1558 1487 1581 1534 a
1594 1485 1787 1534 millione
1796 1484 1983 1534 militum

314 1556 574 1606 custodiatur
585 1595 596 1617 ‚
605 1558 636 1606 si
646 1572 834 1607 trecenta
845 1557 974 1606 millia
984 1577 1061 1624 per
1074 1559 1219 1607 Sinam
1229 1555 1396 1624 sparsim
1407 1556 1599 1605 viffitent
1609 1592 1621 1614 ,
1631 1558 1705 1620 qui
1716 1571 1850 1602 unum
1860 1558 1983 1603 Hun-

313 1644 456 1691 guvo,
476 1628 703 1692 Tamingae
719 1626 887 1674 familiae
903 1629 1185 1690 Imperatricis
1200 1627 1472 1673 conditorem
1483 1660 1495 1683 2
1512 1622 1572 1672 sui
1595 1625 1820 1692 Sanguinis
1839 1623 1983 1672 auito-

312 1712 404 1741 rem
412 1694 664 1761 agnoscunt3
678 1692 707 1741 si
719 1696 911 1759 quinque
928 1692 1057 1741 millia
1073 1693 1256 1743 militum
1266 1693 1444 1762 singulas
1458 1693 1682 1742 nofiurnas
1692 1692 1891 1741 excubias
1905 1694 1984 1741 ob-

313 1777 437 1817 eant,
461 1764 627 1811 diurnas
644 1763 828 1811 totidem
846 1764 1075 1822 Eunuchi,
1094 1762 1125 1810 fi
1137 1765 1288 1811 decem
1302 1762 1432 1811 millia
1447 1762 1765 1828 praefe&orum,
1791 1765 1983 1829 exceptis

312 1832 569 1890 minoribus,
588 1844 881 1891 numerentur,
903 1829 1025 1881 facile
1038 1831 1241 1879 affensum
1261 1832 1527 1898 impet-rabit,
1544 1833 1619 1896 qui
1631 1848 1726 1878 eam
1737 1831 1891 1879 dixerit
1901 1833 1981 1880 du-

313 1914 462 1948 centos
484 1899 695 1948 milliones
715 1902 1153 1960 virorumconfinere,
1171 1902 1384 1966 praecipue
1400 1899 1431 1947 si
1449 1916 1675 1947 numerum
1685 1901 1981 1967 navigantium

313 1968 547 2017 addideris:
568 1971 813 2032 tantajenim
822 1968 983 2035 ubique
994 1971 1167 2018 navium
1174 1971 1306 2035 copia
1314 1967 1387 2028 est,
1395 1982 1445 2017 ut
1452 1967 1528 2016 sub
1541 1968 1711 2017 nostem
1720 1969 1982 2033 quiescentes

313 2035 422 2103 saepe
432 2040 610 2087 civitatis
626 2057 789 2105 magnae
799 2037 981 2106 speciem
999 2057 1084 2105 prae
1095 2038 1135 2086 se
1145 2037 1295 2087 ferant.
1330 2042 1390 2088 Et
1400 2037 1524 2089 facile
1535 2055 1734 2087 numerus
1743 2038 1981 2088 incolarum

313 2106 541 2156 innotescit
563 2130 577 2168 3
599 2109 824 2175 Cujusque
844 2122 964 2175 pater
974 2108 1151 2159 familias
1159 2111 1354 2157 maximae
1365 2108 1517 2156 domus
1527 2106 1606 2155 suae
1613 2109 1753 2173 januae
1764 2108 1983 2169 tabellam,

314 2178 386 2223 cui
398 2194 594 2225 numerus
606 2181 652 2226 8(
662 2178 857 2226 conditio
869 2178 1200 2227 domesticorum
1212 2177 1430 2243 inscriptus
1438 2215 1452 2239 ‚
1477 2177 1553 2226 sub
1562 2180 1678 2245 grav-i
1690 2177 1844 2226 muffia
1862 2191 1980 2227 tene-

315 2258 384 2292 tur
392 2246 567 2313 afligere
577 2284 590 2307 ,
609 2266 657 2296 ac
664 2266 718 2295 ne
728 2247 838 2297 fraus
847 2250 1160 2309 committatur,
1183 2247 1350 2316 singulis
1361 2248 1511 2297 decern
1522 2246 1720 2295 domibus
1733 2247 1877 2314 praeest
1888 2249 1981 2314 qui-

314 2315 428 2373 dam,
438 2333 568 2380 quem
579 2316 736 2383 Titang,
751 2318 795 2365 id
807 2317 865 2365 est
875 2354 889 2377 ,
906 2318 1183 2366 decurionem
1192 2331 1372 2373 vocant,
1389 2320 1463 2384 qui
1475 2333 1700 2366 numerum
1710 2330 1908 2377 annotat,
1929 2318 1979 2364 8(

316 2380 347 2430 fi
366 2400 481 2430 error
493 2397 566 2431 aut
577 2385 699 2433 dolus
713 2386 951 2433 commiffus
959 2387 1087 2434 fuerit
1099 2387 1298 2450 praefe&o
1308 2386 1480 2433 indicat.
2006 2387 2009 2389 ’

384 2453 626 2501 Annuatim
645 2468 794 2520 praeter
814 2454 1018 2520 expensas
1031 2453 1220 2517 publicas
1238 2452 1506 2520 Regulorum
1528 2486 1542 2508 2
1577 2452 1874 2503 Praefe&orum
1887 2491 1902 2514 ‚
1928 2472 1978 2501 ac

313 2519 499 2570 militum
521 2521 736 2591 sexaginta
758 2521 973 2577 milliones
986 2521 1246 2572 scutatorum
1265 2525 1311 2571 in
1330 2525 1518 2571 aerarium
1539 2521 1760 2588 publicum
1780 2523 1977 2571 deferun-

315 2604 405 2650 tur,
428 2591 519 2656 ipso
527 2595 787 2658 Imperatore
808 2590 966 2640 nullam
977 2591 1230 2658 potestatem
1239 2592 1449 2652 habente3
1474 2605 1657 2640 attamen
1670 2611 1745 2658 per
1755 2591 1976 2658 epistolam

316 2657 348 2704 s1
367 2660 389 2704 a
402 2660 597 2722 praefefio
614 2664 741 2710 aerarii
763 2660 992 2710 subsidium
1010 2675 1153 2728 petat,
1175 2679 1398 2728 nunquam
1413 2661 1498 2709 hoc
1507 2663 1547 2709 ei
1559 2661 1803 2728 denegatur.

385 2728 583 2776 Pendunt
593 2733 820 2794 provinciae
837 2733 1057 2779 annuatim
1074 2733 1246 2800 triginta
1266 2733 1374 2780 duos
1392 2729 1599 2780 milliones
1616 2766 1629 2790 ‚
1651 2732 1834 2779 ducenta
1856 2732 1902 2779 8(
1918 2729 1978 2779 se-

317 2808 438 2860 ptem
447 2795 575 2844 millia
586 2835 601 2857 ‚
631 2801 811 2862 quadrin
845 2814 990 2860 ent03‚
1005 2801 1511 2868 quadragintaquinque,
1534 2819 1590 2866 32
1605 2837 1618 2859 ,
1642 2818 1756 2865 207,
1775 2816 1881 2865 445.
1895 2800 1976 2848 sac-

318 2880 393 2910 cos
411 2881 547 2929 oryzae
572 2887 586 2924 3
607 2884 791 2930 quorum
807 2820 957 2938 singuli
980 2869 1193 2919 sufficiunt
1208 2884 1383 2919 centum
1400 2869 1646 2919 hominibus
1665 2871 1710 2917 in
1731 2871 1847 2918 diem
1868 2872 1974 2917 inte·

318 2948 449 2997 gram.
487 2934 597 2997 ssyffi
618 2935 756 2983 crudae
774 2941 1021 3006 quadragies
1040 2954 1236 2999 centum,
1256 2941 1403 2988 novies
1420 2937 1559 2999 mille,
1575 2953 1812 3006 nongentas
1824 2975 1837 2998 ,
1857 2956 1975 3004 qua--

318 3000 514 3065 draginta
533 3019 690 3053 novem
700 3022 763 3068 40
775 3043 787 3065 ‚
803 3027 853 3071 9,
872 3027 899 3073 9
912 3044 924 3067 ,
945 3026 1023 3073 49.
1044 3008 1192 3069 libras,
1210 3007 1287 3057 ubi
1305 3006 1477 3076 fingulae
1505 3010 1647 3056 uncias
1663 3009 1814 3075 viginti
1837 3011 1973 3056 Euro-

318 3085 426 3135 paeas
443 3067 618 3122 faciunt.
651 3073 849 3141 Goffypii
860 3095 963 3127 vero
973 3076 1202 3131 sexcenties
1209 3078 1346 3128 tricies
1357 3075 1494 3139 mille,
1511 3079 1770 3145 quingenta,
1790 3075 1973 3141 &quin-

1874 3160 1976 3209 qua-
