2114 3412
147 1509 262 1548 Pagum

125 1550 261 1580 Nax-Nn-

126 1600 151 1620 M
163 1601 170 1619 1
184 1602 199 1621 Α
216 1603 238 1622 o

122 1632 279 1666 transeunt.

138 1925 254 1955 Descri-

118 1969 185 2006 ptio
202 1966 256 1997 flu-

118 2011 204 2040 minis
215 2011 280 2041 Cro-

117 2051 162 2081 cei.

377 1515 487 1562 Inde
515 1512 561 1562 N
575 1517 613 1562 E
623 1519 661 1562 Y
673 1516 719 1562 N
732 1518 771 1563 E
784 1516 838 1562 M
849 1517 868 1561 Ι
881 1517 925 1569 A
938 1515 985 1561 O
1016 1530 1174 1580 pagum
1200 1526 1456 1580 perventum
1478 1512 1616 1562 valida
1632 1514 1846 1562 munitum
1868 1527 1978 1563 cata-

305 1583 414 1632 ra&a
426 1583 647 1649 duplicatae
655 1583 864 1633 stru&urae
873 1584 927 1632 ad
934 1584 1142 1649 majorem
1148 1600 1267 1649 aquae
1278 1584 1366 1631 vim
1376 1582 1653 1631 inferendam.
1688 1581 1813 1631 Olim
1825 1619 1838 1643 ‚
1855 1597 1905 1631 ut
1913 1586 1977 1632 in-

303 1653 408 1700 colae
420 1652 659 1702 referebant
671 1690 683 1713 ,
692 1653 972 1701 firmiffimum
982 1654 1037 1701 ad
1051 1655 1171 1701 crocei
1181 1653 1368 1701 fluminis
1377 1687 1391 1708 ,
1408 1650 1759 1719 regiiquecanalis
1769 1652 1977 1701 deienfio-

303 1741 405 1771 nem
416 1722 475 1770 ibi
487 1722 736 1778 Castellum,
750 1724 774 1770 ἐι
785 1724 968 1771 Tartaris
976 1759 988 1781 ,
999 1722 1119 1788 quod
1134 1723 1285 1771 rudera
1294 1722 1578 1783 ostentabant,
1589 1721 1779 1770 funditus
1789 1721 1975 1772 excisum

302 1792 592 1857 deletumque.
621 1792 685 1840 lbi
703 1792 851 1841 exacta
869 1792 996 1841 nocte
1017 1792 1181 1840 flumen
1205 1795 1373 1840 Croceum
1389 1791 1557 1859 ingreffi
1569 1826 1585 1847 ,
1601 1809 1728 1858 aquas
1738 1791 1828 1853 ejus
1836 1794 1976 1842 craflas

302 1860 465 1909 limosas
473 1861 644 1909 viscidas
656 1899 669 1922 ,
687 1875 736 1909 ut
753 1861 842 1909 usui
856 1863 1047 1910 humano
1062 1862 1277 1910 inidoneae
1288 1861 1525 1920 videantur,
1534 1861 1725 1909 admirati
1736 1862 1904 1910 fuimus.

369 1934 524 1996 Ingens
541 1932 625 1978 hoc
646 1932 829 1991 flumen,
842 1930 1031 1979 Sinenses
1044 1935 1197 1997 Hocmg
1218 1968 1231 1990 ,
1249 1930 1294 1978 id
1312 1929 1372 1977 est
1389 1966 1401 1989 ‚
1422 1930 1581 1978 flavum
1596 1963 1611 1984 ,
1632 1947 1710 1977 nos
1729 1931 1899 1978 [roceum
1916 1930 1973 1979 ab

301 2016 420 2065 aquae
430 1997 577 2047 colore
588 1998 857 2066 appellamus.
895 2002 1076 2065 Qippe
1086 1999 1240 2046 fundus
1251 2001 1290 2046 ei
1300 1998 1469 2046 limosus
1478 2033 1493 2053 ‚
1511 1999 1615 2046 dum
1627 1998 1752 2046 undis
1761 1999 1969 2055 turbatur,

300 2086 453 2116 croceo
464 2067 548 2116 sive
558 2067 673 2116 flavo
683 2068 828 2116 colore
836 2086 964 2134 aquas
974 2067 1160 2115 fluminis
1168 2069 1306 2136 tingit.
1342 2066 1494 2115 Procul
1505 2066 1707 2133 paludem
1718 2066 1895 2118 lutosam
1905 2089 1973 2118 re-

299 2137 381 2185 fert
401 2157 411 2184 :
433 2151 474 2185 at
494 2137 568 2184 ubi
587 2138 776 2186 invectus
795 2137 926 2186 fueris
945 2141 1035 2186 vim
1057 2155 1260 2203 aquarum
1272 2136 1374 2184 forti
1385 2138 1556 2204 agmine
1566 2137 1875 2203 profluentium
1884 2138 1972 2186 sen'-

299 2209 422 2261 tienS,
434 2207 547 2254 haud
558 2207 737 2274 amplius
748 2209 803 2255 de
815 2209 978 2273 ingenti
990 2207 1169 2254 flumine
1182 2206 1404 2254 dubitabis.
1439 2209 1484 2254 N
1487 2225 1537 2254 ec
1547 2205 1768 2255 adversum
1783 2208 1970 2271 navigari

299 2275 399 2323 velis
418 2275 629 2342 remisque
649 2275 819 2342 potest3
840 2275 1043 2323 helciariis
1059 2294 1168 2341 opus
1178 2275 1420 2334 numeroslS,
1438 2290 1667 2342 antequam
1679 2277 1781 2324 eniti
1796 2279 1970 2343 'navigia

297 2360 470 2410 queant.
505 2348 601 2394 Lon
607 2364 710 2414 gum
720 2346 974 2412 offingentis
982 2344 1238 2405 milliaribus,
1248 2344 1485 2405 latitudine,
1493 2360 1540 2393 ut
1549 2343 1969 2412 plurimum,dimidii

298 2414 480 2461 milliaris
499 2414 566 2462 vel
586 2415 775 2481 amplius.
824 2415 1014 2463 Sinenses
1033 2414 1248 2463 turbidam
1268 2414 1401 2474 hane,
1421 2414 1452 2462 fi
1470 2415 1644 2480 quando
1664 2431 1712 2461 ea
1729 2415 1791 2461 uti
1804 2412 1970 2475 volunt,

295 2501 449 2548 aquam
461 2482 618 2546 inje&o
627 2483 810 2531 alumine
819 2483 980 2532 fecibus
987 2485 1043 2531 ad
1055 2483 1240 2531 fundum
1247 2483 1540 2532 secedentibus
1549 2518 1563 2538 ,
1576 2484 1839 2548 praecipitant
1849 2499 1970 2548 pota-

296 2552 515 2618 bilemque
524 2554 725 2601 reddunt.
746 2552 819 2601 Est
830 2555 959 2620 igitur
969 2553 1037 2600 hic
1048 2554 1201 2600 fluvius
1212 2553 1337 2616 hujus
1345 2568 1543 2601 extremae
1553 2551 1662 2599 Afiae
1674 2553 1969 2617 magnitudine

297 2621 601 2670 &celebritate
621 2623 805 2669 nominis
825 2621 1040 2670 secundus
1079 2626 1144 2669 At
1162 2621 1297 2669 nihilo
1307 2635 1532 2688 propterea
1543 2623 1673 2688 magis
1691 2623 1846 2668 Sinicas
1855 2620 1969 2688 leges

296 2693 452 2738 veritus
471 2691 526 2739 ab
538 2693 690 2740 exteris
709 2690 954 2738 nationibus
975 2692 1154 2758 egressus
1172 2693 1316 2739 Sinam
1329 2689 1563 2759 ingreditur
1575 2727 1588 2750 ,
1603 2708 1652 2737 ac
1662 2689 1792 2738 veluti
1802 2691 1968 2752 odium,

297 2776 387 2821 quo
400 2763 507 2808 Sinae
519 2762 700 2808 advenas
710 2759 1037 2827 persequuntur,
1058 2760 1380 2826 prohibentque
1393 2793 1407 2814 ,
1424 2757 1534 2806 ultus
1545 2795 1557 2817 ,
1575 2757 1844 2807 eluvionibus
1859 2759 1968 2825 saepe

296 2830 640 2892 circumjacentes
648 2827 956 2896 Regioneslate
967 2829 1093 2878 faedat
1104 2864 1118 2884 ,
1138 2843 1305 2877 mutato
1325 2829 1613 2893 saepenumero
1623 2827 1744 2876 alveo
1756 2865 1768 2888 ‚
1790 2830 1895 2877 dum
1916 2828 1966 2877 li-

297 2912 385 2953 ιῃο,
395 2915 524 2961 quem
535 2897 756 2964 copiosum
769 2898 886 2946 vehit
897 2934 909 2957 ,
923 2891 1073 2963 plenus
1083 2934 1096 2957 ,
1114 2897 1232 2945 illum
1243 2931 1258 2951 ‚
1278 2897 1470 2962 illiusque
1490 2897 1732 2946 vehiculum
1743 2911 1963 2947 exonerat.

295 2966 471 3013 Montes
490 2971 651 3033 Qggnlun
670 3005 683 3027 ‚
706 2966 860 3033 quibus
879 2983 1021 3015 ortum
1043 2966 1195 3026 debet,
1210 2969 1391 3014 omnino
1410 2966 1623 3015 Amasaeos
1642 2968 1724 3015 effe
1744 2965 1965 3026 wistimm

295 3033 452 3097 eosque
463 3035 576 3082 haud
588 3038 642 3082 ita
655 3035 803 3101 procul
813 3035 970 3084 diffitos
979 3036 1034 3083 ab
1045 3034 1172 3083 altera
1183 3037 1336 3103 Magni
1354 3038 1544 3101 Magoris
1551 3039 1705 3105 Regia,
1713 3054 1843 3101 quam
1854 3037 1962 3083 Laor

293 3116 471 3162 vocant,
492 3117 562 3151 aut
581 3104 605 3151 εὶ
620 3106 778 3171 Regno
798 3104 920 3152 'lebet
939 3141 952 3165 ‚
980 3107 1070 3152 imo
1095 3103 1239 3152 iisdem
1262 3106 1306 3152 in
1324 3104 1544 3154 montibus
1563 3106 1756 3155 scaturire
1778 3109 1962 3169 Gangem,

1773 3173 1962 3238 (Bengalae,
