2094 3417
320 166 386 226 acz'
396 168 710 251 Magnum
729 164 987 227 Tartariae
1006 171 1231 251 Sinaeque,
1244 166 1502 245 Chaunum.
1654 189 1707 232 13
1723 191 1744 238 ς’

82 273 251 339 Pagoda
265 311 275 330 ,
298 272 444 338 ibique
461 286 539 319 tres
561 271 780 337 sepulchro
796 270 1011 334 cujusdam
1030 272 1211 338 praefeffi
1236 271 1438 338 impositae
1451 273 1622 319 honoris
1635 291 1737 340 ergo

78 342 318 407 Pyramides
329 339 638 406 prominebant.

144 413 271 458 Circa
292 410 505 475 vesperam
529 411 679 456 mirum
701 410 822 457 nobis
841 409 1121 475 spe&acuhnn
1133 409 1532 458 locustaruminillas
1544 413 1734 476 regiones
1756 428 1830 456 Mira
1856 426 1897 456 10⁴

77 482 132 529 ad
153 480 306 527 fruetus
326 476 529 545 agrosque
541 478 851 544 depascendos,
873 481 990 526 unde
1002 497 1154 543 magna
1164 479 1269 544 saepe
1280 497 1459 526 annona>
1475 481 1637 537 caritas‚
1659 481 1734 526 ad·
1754 467 1899 550 {ssjffljffl

75 547 490 597 ventusconciliavit.
529 550 710 613 Quippe
732 566 878 595 omnes
898 547 986 609 ejus
1003 548 1153 595 tracius
1173 547 1321 594 incolae
1339 581 1353 602 ,
1381 546 1553 612 expansi
1576 547 1736 594 vexillis

74 621 286 666 turmatim
300 654 312 676 ,
328 616 445 674 velut
468 617 521 663 ad
541 616 700 664 bellum
713 654 725 676 ,
744 617 1070 684 egrediebantur
1081 614 1248 664 tuendis
1259 632 1406 663 contra
1418 615 1609 664 hostilem
1621 615 1734 663 locu«

72 687 222 735 starum
238 688 468 734 exercitum
481 688 588 752 agris
597 685 684 735 suis.
722 685 902 752 Singulis
912 683 1114 750 illae-annis
1126 686 1210 733 hoc
1222 685 1364 733 mense
1377 684 1587 732 Orientali
1603 700 1733 732 vento

71 756 253 804 adveftae
272 753 647 802 innumerabilibus
671 755 908 822 agminibus
926 755 1076 802 cuneta
1092 754 1174 802 sata
1197 758 1243 803 &
1261 755 1468 820 quicquid
1485 754 1732 801 virideinte-

70 825 270 890 &tumque
282 823 576 888 depascuntur.
603 827 725 891 'Ergo
736 823 924 891 agricolae
936 824 1054 891 passis
1065 822 1224 872 vexillis
1242 823 1457 889 taeniisque
1469 842 1545 888 per
1555 825 1647 870 aera
1661 841 1741 871 vam

70 897 134 942 rio
147 908 268 941 motu
277 895 434 939 circum
443 895 627 960 agitatis,
642 895 803 958 ingenti
814 893 997 953 clamore
1016 892 1173 941 coelum
1188 892 1367 959 implent
1380 931 1392 952 ‚
1414 893 1571 940 cunetis
1583 893 1729 957 paffim

68 963 151 1012 late
160 961 446 1011 resonantibus
463 961 576 1008 locis.
612 956 805 1027 Qiisque
823 962 1009 1025 cumsua
1019 962 1176 1010 familia
1195 961 1395 1026 sociisque
1407 963 1601 1027 proprios
1611 979 1731 1028 agros

69 1046 234 1091 tuetur,
252 1046 475 1080 contentus
496 1029 670 1079 locustas
691 1032 846 1078 indein
858 1033 1053 1079 viciniam
1072 1031 1297 1097 expellere.
1333 1030 1443 1078 Altis
1461 1031 1585 1078 affixa
1604 1033 1731 1096 perti-

15 1135 18 1138 ·
65 1104 122 1149 cis
141 1099 293 1149 vexilla
311 1114 488 1166 utraque
510 1117 637 1147 manu
658 1099 743 1148 sine
762 1100 1063 1162 intermissione
1082 1102 1272 1158 vibrant,
1294 1099 1426 1166 iisque
1446 1118 1563 1148 auras
1582 1099 1728 1148 verbe-

66 1185 160 1219 rant
175 1170 358 1217 clamore
379 1172 568 1218 maximo
587 1192 599 1228 5
621 1169 737 1217 unde
759 1171 974 1217 turmatim
992 1169 1238 1217 advolantes
1258 1169 1423 1216 locustae
1443 1169 1612 1216 insolito
1633 1187 1728 1234 per-

67 1241 218 1288 territae
227 1238 333 1287 sono
344 1254 553 1304 motuque
564 1240 681 1297 aeris,
694 1239 911 1286 interdum
928 1239 1134 1286 recedunt
1154 1256 1202 1286 ac
1210 1238 1308 1286 alibi
1319 1275 1331 1298 ‚
1350 1238 1585 1298 ubi,minus
1595 1239 1730 1285 custo-

66 1309 314 1368 diae‚cun&a
324 1309 517 1356 radicitus
528 1307 809 1373 depascentes,
818 1307 942 1355 densa
952 1307 1068 1355 nube
1078 1304 1305 1356 consident.
1344 1312 1490 1363 Qlem
1501 1308 1583 1354 hoc
1592 1311 1729 1375 tangit

66 1380 347 1427 infortunium
363 1414 373 1436 ‚
395 1380 433 1424 ei
443 1396 574 1425 annus
584 1379 717 1443 periit.
752 1379 872 1424 Tum
885 1395 985 1425 vero
997 1377 1188 1444 agricolae
1197 1376 1310 1425 felici
1321 1377 1499 1424 succeffu
1511 1377 1619 1424 adeo
1630 1397 1727 1443 per<

64 1446 300 1495 celluerunt
310 1446 498 1505 locustas,
507 1460 554 1494 ut
565 1448 810 1514 agminatim
821 1449 865 1493 in
877 1446 1040 1493 flumen
1054 1449 1150 1493 Guei
1158 1443 1423 1511 praecipitatae
1434 1447 1556 1493 undis
1567 1465 1710 1515 merge
1718 1477 1727 1481 —

65 1531 231 1577 rentur,
247 1516 364 1581 quod
387 1534 485 1564 cum
500 1516 642 1573 fieret,
663 1515 811 1562 nostrae
821 1533 946 1563 naves
966 1514 1074 1562 adeo
1084 1516 1131 1562 iis
1140 1514 1355 1563 constratae
1360 1515 1579 1577 jacebant,
1598 1530 1645 1563 ut
1656 1534 1727 1581 pe-

66 1587 181 1644 dem,
191 1584 264 1633 nisi
274 1587 320 1632 iis
330 1586 367 1649 ej
374 1585 483 1644 eeiis7
494 1603 746 1650 promovere
758 1602 888 1631 nemo
900 1585 1039 1649 poffit.

136 1655 299 1703 Eadem
309 1655 447 1702 adhuc
458 1656 529 1703 die
542 1656 793 1701 maritimam
805 1653 955 1700 urbem
968 1656 1010 1700 T
1022 1656 1042 1700 Ι
1056 1657 1094 1701 Ε
1104 1656 1151 1700 Ν
1161 1656 1202 1700 C
1215 1656 1232 1699 l
1246 1657 1284 1700 E
1297 1655 1340 1700 N
1354 1655 1419 1699 W
1432 1656 1471 1700 E
1484 1658 1522 1700 Y
1534 1690 1546 1711 ‚
1574 1671 1667 1719 quae
1680 1656 1726 1702 ὃς
1746 1661 1856 1713 [fidem
1866 1662 1913 1693 die

68 1722 240 1771 Tiencien
261 1760 274 1782 ,
301 1726 538 1789 principem
559 1738 650 1771 tota
678 1725 775 1771 Sina
797 1737 969 1790 portum
994 1724 1337 1788 Emporiumque
1355 1724 1577 1788 attigimus
1620 1725 1728 1770 Tres
1745 1707 1901 1777 {1235st

67 1795 230 1859 quippe
242 1795 347 1840 Sinae
358 1807 516 1858 portus.
552 1795 711 1840 Primus
721 1792 880 1853 Kanton
890 1830 902 1852 ‚
920 1791 1002 1840 five
1018 1792 1212 1861 Qucheu
1223 1794 1265 1839 in
1278 1793 1497 1840 Provincia
1512 1797 1726 1860 thtmg.
1746 1788 1907 1829 “PPCH'W

70 1863 284 1910 Secundus
294 1866 447 1919 Jencien
460 1864 502 1909 in
520 1864 738 1910 Provincia
753 1864 892 1928 Pekt'ng
905 1862 957 1908 ad
970 1860 1102 1909 sinum
1117 1855 1227 1927 [mig
1238 1898 1250 1920 ‚
1269 1860 1343 1908 ubi
1363 1864 1441 1909 tria
1452 1865 1636 1909 maxima
1649 1865 1729 1908 Βο-

68 1931 183 1980 realis
201 1934 308 1979 Sinae
330 1932 506 1978 flumina
527 1933 774 1996 triquetram
785 1930 959 1979 insulam
973 1929 1205 1978 firmissimo
1216 1928 1403 1977 Castello
1415 1933 1621 1978 munitam
1633 1949 1733 1978 con-

69 2000 274 2049 fluxusuo
285 2001 484 2048 efficiunt.
520 2002 665 2067 Regio
687 1999 837 2048 humili
859 2000 936 2048 situ
949 2037 960 2058 ,
978 2019 1026 2048 ac
1048 2000 1202 2064 hyeme
1214 2001 1330 2065 aquis
1342 2018 1417 2065 per
1428 1999 1628 2066 paludosa
1640 1999 1732 2049 loca

68 2069 350 2138 stagnantibus
359 2068 445 2117 fere
454 2069 666 2128 inacceffa,
675 2070 796 2135 quod
806 2069 975 2117 Castelli
988 2069 1291 2118 firmitudinem
1302 2068 1418 2116 haud
1432 2088 1580 2134 parum
1592 2086 1732 2137 auget.

69 2140 160 2204 Ipia
179 2139 276 2186 urbs
302 2140 548 2201 'Tiencienwey
570 2152 742 2186 centum
756 2142 802 2188 8<
814 2141 965 2208 viginti
977 2141 1008 2205 ly
1028 2140 1051 2186 a
1063 2139 1189 2204 Singlo
1201 2172 1214 2192 ‚
1236 2138 1437 2204 quadrata
1448 2138 1731 2197 forma,muro

71 2210 261 2274 quinque
271 2210 316 2255 ἃς
328 2208 476 2272 viginti
485 2207 645 2272 pedum
655 2206 879 2256 altitudine
890 2246 902 2268 ,
918 2208 1018 2257 ocio
1031 2208 1219 2273 paffuum
1231 2207 1453 2255 latitudine
1466 2244 1477 2266 ,
1503 2207 1732 2274 validisque

72 2274 398 2343 propugnaculis
410 2277 572 2322 munita
583 2275 653 2322 est.
687 2279 883 2324 Circuitu
892 2296 980 2324 non
993 2278 1100 2324 adeo
1112 2294 1270 2342 magno
1280 2313 1292 2334 ,
1305 2294 1451 2323 verum
1464 2276 1588 2324 densa
1599 2276 1733 2343 splen-

73 2347 377 2394 didissimorum
391 2344 652 2411 Pagodarum
665 2345 1025 2411 aedificiorumque
1036 2345 1153 2392 series
1163 2381 1174 2403 ‚
1193 2348 1239 2392 8<
1250 2345 1309 2391 ob
1321 2346 1447 2391 totius
1458 2344 1574 2410 quali
1586 2350 1732 2393 Sinicoe

73 2416 348 2482 navigationis
367 2414 675 2480 compendium
698 2432 841 2479 parem
862 2428 958 2461 toto
978 2416 1165 2479 imperio
1180 2415 1252 2461 vix
1277 2415 1374 2461 Sina
1396 2414 1550 2469 habet,
1571 2419 1731 2481 quippe

73 2487 266 2532 omnium
278 2487 323 2532 8<
337 2487 521 2532 Oceano
533 2485 578 2530 &
589 2482 834 2530 fluminibus
844 2485 1045 2549 Pekingam
1064 2482 1333 2531 tendentium
1345 2481 1529 2530 claffium
1543 2502 1732 2532 commu-

75 2554 136 2599 nis
145 2556 362 2619 receptrix.
400 2553 529 2602 Unde
547 2567 750 2618 perpetua
771 2553 831 2600 ibi
850 2551 1219 2600 innumerabilium
1230 2555 1405 2600 navium
1416 2552 1528 2600 ultro
1538 2555 1731 2619 citroque

75 2623 339 2670 tendentium
353 2624 481 2669 etiam
498 2620 778 2687 speetantibus
797 2621 1048 2670 incredibilis
1065 2621 1298 2670 multitudo
1316 2657 1330 2677 ,
1342 2640 1470 2687 quam
1488 2637 1732 2670 mercatura:

77 2690 273 2738 omnibus
292 2692 359 2738 hic
379 2691 625 2739 exercendae
646 2690 811 2739 libertas
830 2690 1099 2758 veffigalibus
1118 2690 1249 2738 soluta
1271 2694 1314 2737 in
1327 2691 1580 2739 immensum
1591 2708 1732 2759 auget.

79 2762 138 2806 Et
153 2776 394 2825 quanquam
414 2760 510 2826 ipsa
520 2759 616 2807 urbs
627 2763 733 2807 intra
745 2761 1079 2809 mediocritatem
1091 2758 1139 2807 sit
1149 2797 1161 2819 ,
1181 2760 1384 2807 suburbiis
1394 2773 1536 2808 tamen
1547 2761 1656 2807 adeo
1666 2780 1731 2808 va-

78 2828 143 2874 stis
152 2826 431 2896 spaciocisque
445 2828 696 2877 Palatiorum
710 2866 722 2888 ‚
744 2831 1098 2897 Pagodarumque
1117 2828 1252 2893 plenis
1271 2830 1461 2894 undique
1472 2831 1732 2884 extenditur⁵
1843 2858 1854 2882 η

79 2910 125 2943 ut
138 2899 175 2943 ei
190 2898 424 2962 granditate
441 2898 570 2946 simile
582 2901 624 2946 in
636 2901 731 2947 Sina
744 2916 831 2946 non
841 2899 1078 2946 viderimus.
1113 2898 1243 2947 Unde
1253 2897 1376 2945 nobis
1387 2901 1570 2946 maxime
1581 2899 1732 2964 proba-

78 2964 163 3013 bile
181 2964 240 3011 est
263 3001 274 3024 ,
309 2966 416 3013 lianc
437 2968 515 3014 effe
537 2967 651 3016 illam
673 2969 784 3016 (Paule
806 2972 939 3016 Veneti
958 2968 1223 3015 decantatam
1245 2967 1301 3014 ad
1323 2966 1570 3016 miraculum
1595 2973 1729 3017 Euro-

75 3033 257 3099 paeisque
276 3032 505 3083 fabulosam
524 3037 726 3086 creditam
749 3036 908 3105 Qzffay
925 3074 939 3097 ‚
973 3035 1071 3085 licet
1093 3040 1301 3086 Martc'nius
1322 3054 1415 3089 earn
1437 3038 1628 3086 Hancheu
1648 3039 1728 3085 ess'e

77 3117 211 3168 putet.

1638 3179 1725 3221 Arx
