2114 3412
121 2353 212 2385 favet.

143 2731 260 2770 Legatis

118 2771 278 2843 ffififfl?

119 2853 163 2885 ob
170 2852 270 2885 edith]

119 2894 243 2927 Caesaris

116 2945 245 2978 negatur

119 2988 215 3020 copia.

291 144 355 197 93
643 116 996 201 Parrsbcundct
1016 112 1296 202 Legationis
1315 117 1579 176 Patavicae

289 233 397 279 Non
416 229 621 294 exiguum
639 223 837 282 urbibus,
855 241 902 271 ac
923 219 1181 271 Civitatibus
1200 221 1328 269 decus
1342 219 1572 269 conciliant
1589 221 1748 269 Turres
1770 224 1965 275 &Arcus

290 299 348 346 illi
360 293 660 360 Triumphales
671 328 684 348 ,
708 295 782 359 qui
803 295 851 339 in
871 306 1204 340 monumentum
1217 290 1425 345 victoriae,
1446 293 1701 339 &aeternam
1712 296 1965 344 memoriam

291 385 439 416 eorum
456 389 468 425 3
492 366 566 431 qui
583 364 638 411 de
651 361 892 428 Republica
902 398 914 421 ,
923 377 994 409 aut
1005 363 1195 410 Civitate
1205 360 1733 421 bene=meriti‚statuuntur.
1767 365 1862 420 Qi
1872 381 1966 414 mos

292 438 408 503 apud
419 439 535 483 Sinas
543 450 676 496 aeque,
686 450 733 479 ac
743 434 965 480 Romanos
977 429 1154 479 invaluit
1167 453 1179 490 3
1191 431 1307 478 unde
1318 429 1468 496 liquet,
1478 429 1508 477 si
1519 445 1705 480 veterem
1714 435 1965 483 memoriam

295 505 418 567 hujus
429 506 554 553 moris
566 516 728 569 repetas
737 539 748 561 ‚
765 503 977 566 originem
996 498 1316 567 triumphalium
1327 517 1501 547 arcuum
1513 518 1604 548 non
1616 503 1758 567 primo
1768 503 1791 549 a
1801 502 1966 569 Scipio-

295 595 368 634 ne,
380 590 426 623 ut
434 573 556 622 multi
565 572 715 626 voluit,
727 571 907 631 fluxuse,
916 573 984 618 cui
995 569 1230 618 Maffaniffa
1240 569 1412 617 subac‘to
1423 570 1522 616 loco
1532 588 1700 618 coronae
1710 572 1966 632 aureae,sellae

296 644 446 693 curulis
465 682 477 704 ,
501 658 612 710 togae
631 641 750 708 picstae
769 676 784 696 ,
804 642 957 688 tunicae
975 638 1383 707 palmatae‚scipionis
1402 638 1602 697 eburnei,
1617 639 1967 709 reliquorumque

296 712 618 781 triumphalium
639 724 1013 770 ornamentorum,
1039 727 1154 756 arcus
1164 711 1207 755 in
1221 707 1408 773 Alpibus
1426 709 1654 758 exstruchis
1673 711 1742 758 est.
1787 714 1838 758 In
1856 711 1968 760 hisce

296 783 473 831 arcubus
494 779 819 846 triumphalibus
834 779 1087 846 legebantur
1108 776 1243 838 tituli,
1265 778 1431 826 causam
1449 779 1656 828 struc'mrae
1677 781 1970 846 praeferente3‚

297 851 641 919 insculpebantur
654 853 699 898 &
710 849 882 896 aliarum
894 867 1033 896 rerum
1044 850 1247 915 imagines
1258 885 1270 907 ,
1289 847 1421 914 spolia
1432 848 1619 897 hostibus
1626 849 1814 915 abrepta,
1824 852 1971 915 trium-

297 922 373 986 phi
387 919 823 988 pompa‚ferculorum
835 919 960 973 ordo,
970 918 1182 972 sacrificia,
1193 917 1358 965 navales
1367 937 1523 987 pugnae
1533 956 1546 978 ,
1554 933 1602 967 ut
1614 921 1657 966 in
1666 937 1764 967 arcu
1775 922 1971 986 Septimii

299 993 445 1039 videre
457 992 528 1039 est.
560 989 712 1037 Similis
729 988 941 1036 extrufflus
961 1007 1075 1036 arcus
1089 989 1139 1034 in
1156 988 1370 1035 honorem
1392 988 1576 1055 Augusti
1591 1025 1604 1049 ‚
1622 989 1973 1056 hincindeappa-

301 1061 490 1108 rentibus
501 1058 649 1107 rostris.
691 1057 842 1106 Similis
853 1060 1080 1117 memoriae,
1088 1071 1137 1105 ut
1146 1058 1297 1105 eadem
1307 1060 1448 1126 origo,
1456 1076 1504 1106 ac
1516 1060 1616 1107 huic
1629 1061 1760 1106 Turri
1771 1058 1976 1108 Porcella-

300 1130 403 1177 nicae
424 1132 468 1177 in
495 1130 734 1195 Natrgking,
753 1126 1109 1194 fuittriumphalis
1125 1144 1242 1174 arcus
1262 1164 1275 1187 ‚
1309 1130 1384 1193 qui
1400 1130 1511 1176 inter
1529 1129 1726 1194 primaria
1744 1129 1976 1178 Vetustatis

300 1213 582 1247 monumenta
602 1202 645 1245 in
668 1198 774 1245 urbe
786 1201 998 1262 Lingonum
1009 1197 1124 1262 apud
1133 1195 1279 1244 Gallos
1290 1196 1432 1245 visitur
1440 1233 1454 1254 ,
1471 1200 1516 1244 in
1534 1196 1629 1264 ipsis
1638 1197 1852 1246 moenibus
1864 1200 1979 1247 exci-

300 1283 409 1315 tatus
427 1306 439 1327 ,
468 1270 717 1316 Germanici
747 1269 956 1315 exercitus
984 1266 1072 1314 caesi
1093 1266 1206 1315 haud
1225 1266 1355 1314 dubie
1375 1268 1613 1332 trophaeum
1638 1287 1647 1313 :
1671 1269 1769 1334 qui,
1785 1285 1883 1317 cum
1901 1286 1982 1335 pu-

302 1340 463 1404 gnandi
476 1336 627 1385 Caeiari
648 1333 886 1401 [wlstanum
902 1338 1072 1402 copiam
1086 1335 1263 1395 fecisset,
1278 1354 1360 1403 pro
1378 1336 1475 1402 ipsis
1494 1336 1696 1386 maenibus
1706 1337 1979 1404 &speCiante

303 1409 514 1473 Lingonmn
527 1406 647 1466 urbe,
655 1405 906 1454 obtritus'est
916 1440 931 1461 2
941 1405 1154 1473 sexaginta
1165 1405 1391 1454 hominum
1400 1406 1582 1455 millibus
1594 1425 1649 1454 eo
1659 1406 1804 1474 praelio
1816 1406 1978 1456 deside-

302 1479 407 1525 ratis.
445 1477 549 1540 Ejus
573 1494 728 1544 pugnae
740 1475 930 1542 pluribus
951 1474 1053 1523 locis
1066 1489 1216 1525 extant
1229 1478 1465 1524 etiamnum
1476 1476 1718 1525 testimonia
1728 1512 1741 1536 ,
1757 1480 1975 1533 Leonum,

298 1548 830 1612 Equorum‚Virorumque
838 1545 980 1593 statuae
991 1548 1058 1594 via
1068 1548 1222 1612 Regia,
1230 1564 1324 1611 quae
1332 1547 1386 1595 ad
1397 1549 1617 1613 Sequanos
1627 1547 1826 1613 pertinet.
1843 1548 1975 1596 Hunc

300 1615 590 1682 triumphandi
604 1634 769 1663 morem
781 1615 998 1683 eleganter
1010 1615 1210 1664 describit
1219 1616 1492 1665 Prudentius:
1511 1634 1513 1636 ·
1541 1632 1543 1634 ’

565 1742 679 1751 ———

795 1742 910 1752 ---
946 1716 1080 1762 Currus
1092 1711 1231 1776 stimmo
1249 1719 1424 1761 miramur
1447 1714 1484 1759 in
1502 1730 1590 1760 arcte

571 1784 858 1850 Qrdrijugos,
871 1783 1082 1849 stantefilue
1103 1788 1230 1833 Duces
1249 1787 1286 1830 in
1306 1781 1466 1830 curribus
1483 1783 1586 1842 altis,
1604 1817 1606 1819 »
1661 1785 1666 1790 ’

564 1853 639 1900 Sub
654 1851 866 1918 pedibtffque
886 1858 1039 1902 Ducum
1057 1856 1221 1917 captivos
1237 1853 1373 1918 poplite
1383 1852 1511 1916 flexo,

557 1922 637 1973 ,Ad
649 1924 737 1989 juga
757 1920 934 1988 depreſjbs
945 1958 958 1982 2
976 1920 1207 1987 manibusque
1225 1925 1261 1969 in
1278 1936 1381 1986 terga
1400 1924 1561 1976 retortis,

566 1990 804 2055 Etficspezfflz
815 1995 931 2057 gravi
946 1993 1098 2039 telorum
1106 1990 1304 2059 fragmina
1321 2004 1462 2050 trunco,

566 2065 743 2127 AEraque
763 2061 906 2126 vestitis
926 2057 1109 2120 numerofir
1131 2073 1252 2123 puppe
1271 2060 1450 2106 columnis.

371 2167 547 2215 Circum
568 2167 698 2234 prisca
718 2166 954 2215 Sinensium
976 2170 1288 2231 Imperatorum
1310 2167 1465 2232 pinetis
1484 2167 1679 2215 immixta
1700 2165 1977 2232 sepulchreta‚

226 2240 246 2258 ”
304 2252 482 2300 quarum
500 2238 668 2285 Tartari
689 2255 744 2284 ne
763 2236 936 2305 vestigia
957 2236 1137 2301 quidem
1156 2234 1438 2301 reliquerunt.
1489 2239 1538 2284 ln
1555 2237 1636 2284 hac
1655 2235 1762 2284 urbe
1786 2236 1974 2303 Nanking

301 2303 461 2372 Jesuita
486 2308 652 2354 Rsamcel
667 2307 713 2353 de
736 2306 874 2353 Lisbocz
898 2306 1070 2373 Legatis
1090 2304 1342 2373 singularem
1359 2303 1706 2355 benevolentiam
1726 2305 1975 2361 exhibebat,

302 2374 459 2439 cosque
470 2375 659 2441 impense
669 2375 722 2422 ad
733 2377 981 2424 convivium
993 2374 1199 2424 invitabat
1217 2397 1231 2435 3
1271 2376 1356 2423 Sed
1373 2375 1434 2422 ob
1444 2379 1626 2424 rationes
1641 2377 1781 2443 gratiae
1792 2374 1850 2422 illi
1862 2376 1973 2424 affare.

301 2446 416 2490 Duo
426 2459 568 2492 tamen
580 2464 633 2492 ex
643 2447 894 2503 Comitatu‚
917 2447 1166 2492 Secretarius
1176 2446 1307 2493 ssaron
1317 2483 1330 2505 ,
1349 2448 1395 2493 &
1407 2464 1493 2513 ego
1504 2448 1543 2493 ei
1553 2447 1789 2493 annuimus.
1826 2444 1974 2510 Splen-

302 2512 403 2560 dide
423 2531 499 2561 nos
511 2516 681 2579 excepit
694 2533 703 2559 :
716 2516 889 2562 aderant
900 2532 1077 2580 quoque
1087 2513 1155 2562 alii
1168 2514 1359 2564 Sinenses
1369 2532 1584 2581 proceres,
1593 2516 1667 2581 qui
1679 2532 1802 2562 cruce
1812 2514 1975 2581 pastori

303 2583 493 2648 impreffa
513 2583 772 2631 Christianos
792 2583 833 2631 se
854 2584 934 2631 effe
953 2582 1225 2633 testabantur.
1283 2584 1522 2634 Videbatur
1540 2582 1748 2653 istesuita
1768 2586 1832 2633 vir
1850 2586 1973 2652 inge-

304 2668 431 2712 nuus,
449 2655 494 2701 &
515 2652 830 2701 I-Iollandorum
848 2652 988 2701 liberis
1007 2657 1272 2703 commerciis
1291 2654 1447 2703 favens
1483 2654 1648 2702 Crebra
1670 2655 1840 2719 Legatis
1856 2654 1974 2702 dona

302 2720 500 2770 culinaria
521 2722 651 2782 misit,
673 2740 722 2771 ac
731 2725 859 2771 eosin
871 2721 974 2771 visit.
1010 2726 1163 2790 Legati
1173 2725 1273 2772 hinc
1292 2723 1618 2773 libenterliteras
1629 2725 1672 2770 in
1685 2724 1975 2786 Japoniammi-

303 2787 436 2837 siffcnt
471 2810 481 2836 z
519 2792 601 2840 Sed
619 2793 842 2858 trajec‘tum
866 2793 945 2841 hac
965 2792 1184 2842 occasione
1207 2789 1475 2861 prohibitum
1495 2792 1746 2841 referebant.
1786 2791 1975 2840 Sinenses

303 2873 401 2905 ante
424 2861 652 2909 triennium
674 2864 792 2928 apud
806 2865 1113 2928 Imperatorem
1131 2863 1352 2929 conquesti
1363 2862 1555 2923 fuerant,
1574 2862 1629 2911 ab
1639 2860 1811 2910 intonsis
1824 2864 1973 2909 Sinen-

303 2923 432 2984 fibus,
450 2932 524 2992 qui
541 2933 692 2996 Sttitijen
708 2935 754 2980 8<
769 2937 902 2995 Amey,
917 2930 1092 2995 subjeEti
1109 2933 1273 2981 famoso
1282 2946 1439 2998 pyratae
1456 2935 1643 3000 Koxiiga
1653 2968 1666 2992 ,
1678 2931 1886 2990 habitant,
1896 2929 1973 2978 fibi

303 2992 472 3056 injurias
490 2998 533 3043 in
551 3001 714 3062 Japonia
736 2999 874 3049 illatas
925 3003 1170 3069 Respondit
1198 3002 1391 3050 Chamus
1424 3020 1435 3048 τ
1470 3002 1700 3069 Abstinerent
1715 3019 1799 3067 ergo
1817 3003 1974 3064 navtgaae

304 3067 394 3111 tione
419 3067 612 3128 Japonica.
644 3069 804 3119 Intonsi
839 3071 1032 3122 Sinenses
1064 3071 1123 3120 illi
1157 3064 1253 3120 sunt
1272 3109 1289 3133 ‚
1325 3073 1401 3136 qui
1423 3073 1658 3138 Imperium
1687 3073 1826 3136 Magni
1845 3068 1973 3118 Chami

1766 3137 1976 3206 abnuunt³
1994 3173 1999 3179 .
