2083 3422
883 1463 932 1471 ⁷.—
990 1462 995 1464 .
1036 1449 1047 1463 1
1211 1469 1240 1471 η
1608 1467 1618 1471 ἢ
1663 1450 1887 1470 -,,ή,ἐ;;;-ἑ

123 1523 225 1571 quas
235 1504 395 1570 aperire
406 1519 495 1550 non
508 1501 567 1550 est
578 1501 1106 1569 liberum,prohibentibus
1117 1501 1395 1562 statuti5,cum
1406 1521 1474 1552 cui
1492 1525 1502 1552 1
1538 1519 1580 1554 et
1605 1507 1710 1556 iceat
1719 1524 1791 1558 aua

122 1592 218 1623 rum
228 1610 241 1631 ‚
260 1587 572 1640 argentumque
583 1591 637 1620 ex
649 1570 880 1620 fluviorum
891 1575 989 1638 ripis
1000 1590 1159 1621 eruere.
1194 1577 1235 1620 A
1242 1592 1317 1640 ger
1327 1574 1518 1639 undique
1529 1577 1720 1644 i1·riguu3‚
1729 1591 1790 1626 at-

121 1661 210 1709 que
218 1643 317 1690 hinc
327 1640 395 1689 illa
406 1640 594 1690 fertilitas
609 1676 621 1699 ,
636 1643 790 1689 caeteris
811 1640 913 1687 locis
935 1660 1022 1689 rara
1032 1675 1047 1696 ,
1069 1660 1163 1707 quae
1171 1641 1379 1690 caloribus
1393 1646 1552 1699 nimiis,
1568 1660 1641 1693 aut
1651 1649 1790 1712 rigore

121 1725 370 1761 exuruntur.
417 1709 652 1758 Altiffimus
674 1728 796 1758 mons
815 1710 984 1776 Nucung
1006 1711 1171 1759 ambitu
1190 1711 1536 1777 ociingentorum
1555 1714 1786 1764 stadiorum
1801 1719 1928 1789 NMons

121 1781 238 1848 apud
257 1783 380 1828 Gamo
393 1815 405 1838 ,
421 1798 514 1846 quae
529 1781 677 1844 quinta
689 1798 744 1827 ex
757 1779 948 1845 oppidis,
966 1782 1168 1828 verticem
1180 1780 1306 1829 tollit.
1837 1769 1936 1801 ucung.

191 1855 453 1914 Qanquam
466 1847 668 1914 pleraque
680 1851 787 1896 Sinae
797 1849 974 1896 flumina
984 1849 1284 1916 navigantibus
1297 1850 1357 1898 ob
1367 1868 1473 1899 caeca
1487 1854 1694 1900 vadorum
1703 1871 1787 1912 ,rua
1802 1857 1954 1890 Periculo-
1968 1862 1973 1865 ’

118 1918 360 1987 pesquelub
372 1919 495 1966 undis
503 1917 679 1964 latentes
698 1916 930 1984 periculosa
947 1916 1047 1977 fint‚
1066 1936 1349 1986 magnamque
1370 1921 1787 1987 circumspeffionem
1803 1900 1956 1983 {iaercrauiffij

118 1992 356 2055 requirant,
374 1987 566 2053 nuspiam
576 2001 719 2034 tamen
731 1988 868 2051 majus
878 1986 1113 2052 periculum
1124 2025 1137 2047 ,
1147 2007 1276 2054 quam
1291 1990 1407 2055 apud
1421 1989 1666 2057 Kinmmgam
1677 2028 1689 2051 ‚
1711 1993 1868 2040 ubigan·

115 2057 279 2124 scopuli
290 2060 477 2119 Xepatan
491 2057 611 2104 fluvii
624 2059 697 2104 Can
710 2094 721 2116 ,
732 2059 807 2122 qui
819 2057 1043 2104 occiduam
1055 2058 1233 2106 civitatis
1242 2074 1408 2125 partem
1419 2058 1537 2107 alluit
1547 2097 1559 2120 ,
1568 2059 1789 2110 celerrimo

116 2127 237 2175 cursu
247 2125 574 2174 absconduntur.
610 2125 873 2178 O&odecim
885 2125 982 2174 talia
995 2126 1197 2195 naufraga
1207 2127 1302 2176 loca
1313 2143 1603 2188 numerantur,
1613 2131 1728 2179 unde
1741 2135 1789 2181 8(-

114 2197 215 2244 loco
234 2199 445 2257 Xepatan,
472 2195 592 2260 quod
611 2195 852 2243 octodecim
873 2196 1094 2244 catara&as
1114 2195 1344 2265 fignificat,
1361 2216 1533 2246 nomen.
1580 2202 1706 2247 Periti
1728 2215 1788 2249 ta-

116 2267 223 2315 lium
236 2266 423 2329 Syrtium
441 2264 741 2329 nauigantibus
750 2267 889 2330 pretio
900 2264 1141 2313 inserviunt.

184 2335 354 2382 Tattari
377 2333 486 2380 hanc
507 2332 657 2379 urbem
666 2347 782 2380 tanta
792 2334 1013 2380 diruerunt
1028 2336 1305 2396 immanitate,
1317 2349 1379 2391 ut,
1391 2336 1667 2401 quodincolae
1679 2339 1785 2403 pari·
1801 2345 1940 2394 yirgines

115 2419 178 2453 ter
192 2442 204 2465 ,
224 2421 273 2451 ac
291 2402 578 2449 circumvicini
597 2401 821 2450 narrabant
838 2439 850 2462 ‚
873 2401 1003 2449 simile
1027 2403 1275 2468 exemplum
1298 2407 1570 2452 immanitatis
1591 2408 1663 2453 vix
1686 2406 1785 2454 alibi
1801 2388 1960 2468 ἓξὲξ-δώ

115 2488 208 2521 tota
228 2475 326 2521 Sina
344 2472 585 2537 reperiatur.
622 2474 737 2519 Nam
750 2506 765 2526 ,
781 2485 1061 2537 praeterquam
1073 2473 1192 2538 quod
1214 2475 1393 2522 aedificia
1408 2473 1619 2522 solotenus
1629 2476 1786 2524 destru-
1800 2474 1932 2501 tuantur.

115 2557 295 2595 xerunt,
316 2544 361 2589 &
381 2540 564 2588 caedibus
584 2542 626 2587 in
647 2559 823 2588 omnem
841 2539 1078 2606 promiscue
1093 2541 1240 2591 sexum
1262 2580 1274 2603 ,
1309 2562 1402 2609 quae
1419 2547 1664 2592 communia
1684 2546 1786 2593 huic

48 2608 51 2609 ⁷
117 2613 212 2659 urbi
233 2628 330 2658 cum
351 2610 438 2657 aliis
459 2611 687 2657 innumeris
705 2609 813 2657 mala
834 2611 1006 2658 fuerunt
1027 2647 1040 2670 ‚
1073 2629 1164 2658 non
1174 2613 1309 2660 modo
1323 2613 1499 2661 multam
1510 2615 1694 2661 virorum
1712 2632 1786 2662 co-

117 2683 233 2745 piam
253 2682 296 2726 in
317 2694 513 2727 aeternam
537 2677 793 2746 redegerunt
819 2680 1083 2739 servitutem,
1104 2698 1250 2730 verum
1271 2685 1399 2730 etiam
1419 2683 1631 2748 virginum
1651 2682 1804 2731 multa·

119 2747 246 2796 millia
263 2748 433 2797 funibus
441 2747 668 2815 colligataS,
679 2747 815 2795 boum
827 2747 965 2808 instar,
975 2747 1180 2815 Pekingasn
1192 2749 1327 2799 versus
1337 2750 1572 2816 abegerunt
1581 2789 1593 2812 ,
1605 2754 1650 2800 &
1661 2751 1784 2800 leno-

119 2817 241 2865 nibus
251 2818 528 2881 impurisfimis
540 2817 610 2866 vili
624 2821 763 2883 pretio
775 2817 1087 2883 prostituerunt.

189 2885 353 2934 Eadem
365 2885 502 2934 adhuc
512 2887 582 2934 die
594 2902 792 2952 quartum
802 2905 925 2934 nonae
936 2889 1114 2934 civitatis
1123 2887 1276 2954 Kiegan
1286 2888 1499 2954 oppidum
1523 2890 1593 2937 KI
1604 2893 1640 2938 E
1652 2895 1699 2939 X
1709 2893 1781 2940 Ul
1797 2889 1940 2962 ᾗζξξῖζῑ

119 2955 173 3002 ad
188 2955 380 3002 dextram
395 2956 480 3001 Cani
497 2957 631 3021 ripam
643 2953 766 3004 situm
780 2994 792 3015 ,
811 2955 974 3004 ambitu
986 2955 1233 3021 sesquihorae
1251 2952 1455 3023 triangula
1476 2958 1608 3024 figura
1620 2975 1784 3025 praeter-
1798 2944 1945 3007 mim.

119 3023 227 3071 vecfii
239 3022 389 3070 sumus.
426 3027 547 3090 Ager
556 3026 751 3090 undique
759 3025 973 3090 jucundus
982 3024 1146 3089 aspe&u
1161 3062 1174 3085 ,
1195 3029 1410 3074 montium
1424 3026 1684 3093 valliumque
1694 3027 1786 3094 pul-

119 3092 215 3142 chra
237 3091 339 3140 serie
350 3128 363 3152 7
381 3086 516 3157 portae
528 3092 623 3142 urbi
637 3108 819 3161 quatuor
832 3095 974 3144 ferreis
983 3095 1149 3144 munita
1160 3093 1301 3145 valvis.
1335 3094 1664 3163 Inlongitudine
1675 3098 1788 3144 secus

1063 3163 1108 3218 K
1148 3181 1171 3212 2
1656 3167 1789 3229 ripam
