2050 3412
241 151 264 189 1
279 149 344 197 14
619 128 762 185 Pars
776 121 943 182 ultima
964 121 1249 206 Legatiomls
1268 121 1531 182 Batavicae

236 227 443 286 humiles,
467 223 537 273 sed
561 223 757 272 animosae
772 243 820 274 ac
837 241 1051 291 pugnaces
1076 221 1192 282 sunt,
1212 240 1259 270 ac
1275 220 1509 287 voluptatis
1533 223 1580 270 8(
1597 218 1891 276 ἀεῐεᾶειῑηεηῑῐ

237 316 343 365 ergo
357 297 379 343 a
394 295 583 343 foeminis
599 294 780 344 aluntur.

306 368 354 414 In
380 370 584 430 Qantmyg
593 362 855 412 incredibilis
871 377 1043 411 anatum
1055 362 1195 426 copia,
1208 358 1352 408 studio
1366 360 1603 410 incolarum
1620 359 1759 410 alitur.
1794 363 1897 410 Ova

239 434 482 487 fornacibus
498 433 564 482 vel
576 433 652 482 sub
668 433 776 482 fimo
790 475 802 494 ,
826 452 947 482 more
964 432 1285 500 AEgyptiorum,
1298 428 1551 481 excludunt.
1588 432 1697 478 Sinae
1717 432 1762 480 in
1777 433 1899 481 navi-

239 504 319 552 bus
330 505 409 552 suis
421 505 583 570 integra
593 518 768 551 anatum
777 504 938 552 stabula
948 503 1122 561 habent,
1136 517 1232 565 quae
1247 499 1299 547 ad
1310 498 1425 547 littus
1441 501 1486 547 8(
1498 501 1606 565 ripas
1618 499 1900 562 delata,undis

242 573 536 623 recedentibus
548 612 561 634 ‚
580 572 830 633 ostrearum,
864 589 1116 621 cancrorum
1134 569 1316 617 aliorum
1341 567 1694 619 animalculorum
1703 570 1899 619 carnibus

242 642 441 710 saginant.
479 645 600 708 Saepe
626 645 800 709 integrae
814 642 953 690 classes
971 639 1184 690 anatiferae
1205 657 1294 687 uno
1308 638 1413 686 loco
1430 637 1677 695 subfistunt,
1693 653 1834 690 anates
1852 641 1899 689 in

243 730 353 778 aqua
371 716 416 761 8(
436 714 580 760 littore
605 715 778 760 mixtim
797 711 973 778 pascunt
995 733 1005 759 :
1031 712 1140 758 circa
1161 709 1380 774 vesperam
1408 709 1462 756 ad
1490 708 1626 775 pelvis
1649 708 1802 760 sonum
1816 709 1900 761 fin·

242 782 353 848 gulae
371 784 513 831 navim
533 782 647 829 suam
663 795 878 849 repetunt.
921 784 1039 829 Caro
1048 796 1194 829 earum
1212 777 1325 826 salita
1336 815 1349 838 ,
1360 778 1584 844 pristinum
1597 777 1792 846 saporem
1800 781 1901 848 reti-3

241 869 358 913 nens,
372 852 448 899 diu
463 850 699 900 asservatur.

310 924 361 970 In
381 928 440 972 H
440 941 587 988 uquang
596 920 712 987 apud
726 924 945 988 Hanymg,
954 919 1111 968 anseres
1127 916 1203 967 feri
1220 919 1461 983 capiuntur.

308 993 357 1038 In
374 989 569 1056 (hekiang
577 990 694 1054 apud
705 992 884 1039 Vencheu
894 1027 906 1050 ‚
927 992 972 1038 8(
983 1003 1177 1037 montem
1195 992 1363 1052 Y‘entang
1381 984 1492 1034 lacus
1508 985 1568 1034 est
1582 986 1733 1039 decem
1742 987 1900 1037 stadio-

240 1077 333 1107 rum
348 1062 529 1117 ambitu,
538 1061 728 1108 Balneum
738 1061 909 1124 anserum
923 1060 1098 1108 nomine
1102 1060 1220 1124 ,quia
1231 1056 1307 1105 feri
1319 1054 1599 1116 ansere32dum
1609 1056 1704 1105 loca
1718 1073 1902 1121 mutant,

240 1130 284 1176 in
305 1127 650 1194 pi·aetervolando
668 1129 728 1177 ibi
745 1129 982 1192 quiescunt.

310 1201 359 1246 In
380 1205 586 1269 Qntung
604 1198 718 1264 apud
734 1200 915 1265 Chaoking
927 1201 973 1247 8(
993 1200 1036 1245 in
1057 1201 1231 1265 Qngfi
1240 1215 1288 1243 ac
1298 1201 1447 1244 Iunnan
1459 1236 1472 1257 ,
1493 1210 1698 1245 montana
1719 1197 1832 1246 feros
1850 1194 1901 1254 ak:

242 1269 401 1315 cicures
420 1272 607 1315 Pavones
619 1269 869 1333 alunt,quos
885 1270 959 1314 vix
974 1267 1077 1314 alibi
1094 1264 1287 1332 reperias.

311 1340 359 1385 ln
376 1339 567 1403 Nanking
578 1337 694 1402 apud
714 1338 901 1404 Taiping,
916 1335 1055 1383 Insula
1074 1341 1191 1386 Hiao
1203 1376 1216 1395 ‚
1234 1352 1331 1401 quae
1343 1334 1492 1382 saxum
1507 1348 1762 1384 excavatum
1778 1335 1900 1386 vide·-

243 1419 325 1464 tur,·
346 1409 389 1454 in
404 1424 496 1471 quo
510 1407 741 1454 innumerae
751 1405 919 1453 no&uae
933 1403 1210 1464 stabulantur,
1219 1405 1334 1452 unde
1348 1406 1394 1452 8(
1406 1421 1566 1452 nomen
1577 1408 1754 1471 accepit.

309 1478 357 1523 In
376 1477 550 1524 Suclmen
565 1475 717 1542 asperis
728 1474 949 1524 montibus
961 1473 1079 1541 apud
1098 1473 1335 1523 secundum
1350 1474 1533 1522 militare
1547 1473 1767 1525 castellum
1777 1514 1793 1538 ‚
1805 1474 1902 1524 vul-

240 1560 352 1593 tures
370 1543 565 1612 generofi
574 1547 620 1594 8(
631 1563 743 1594 acres
760 1548 1045 1612 reperiuntur.

311 1617 356 1662 In
376 1628 524 1662 monte
538 1619 697 1685 Locung
708 1654 722 1676 ‚
748 1615 793 1666 in
805 1617 1041 1664 Provinciae
1058 1620 1268 1684 Huquang
1281 1650 1296 1674 ,
1317 1614 1435 1683 apud
1457 1611 1610 1663 urbem
1618 1615 1797 1664 Xincheu
1813 1615 1903 1664 avis

240 1682 476 1746 nidulatur,
484 1702 581 1750 quae
590 1703 813 1752 nunquam
820 1684 898 1735 nisi
907 1685 1055 1754 pluvia
1065 1686 1488 1747 imminente,sonum
1496 1684 1604 1744 edit,·
1618 1684 1736 1733 unde
1744 1685 1904 1735 accolae

240 1768 397 1803 certam
411 1754 705 1817 conjefihrram
723 1755 897 1807 faciunt.

248 1868 251 1869 ⁷
308 1826 358 1872 ln
382 1826 691 1893 Chelziangapud
707 1825 911 1892 Kiahing,
931 1825 1040 1875 Sinae
1050 1838 1261 1873 autumno
1269 1822 1451 1872 aviculas
1472 1828 1680 1892 Hoangcio
1697 1826 1900 1893 capiunt,

239 1910 343 1957 quas
364 1899 470 1942 vino
479 1911 537 1941 ex
550 1913 680 1961 oryza
700 1894 918 1961 impositas
929 1908 1028 1942 toto
1044 1912 1159 1943 anno
1176 1893 1430 1942 divendunt.

311 1964 359 2010 ln
384 1967 555 2032 Qangfi
570 1965 686 2029 apud
708 1966 878 2031 Qilin,
894 1964 1082 2030 pulchrae
1095 1965 1142 2011 8(
1160 1961 1390 2011 diicolores
1403 1980 1522 2022 aves,
1544 1980 1726 2029 quarum
1740 1982 1902 2031 pennas

243 2030 324 2078 suis
343 2032 437 2081 telis
448 2032 609 2080 sericeis
621 2033 688 2081 vel
706 2033 828 2081 lineis
843 2035 1122 2081 intertexunt.

246 2126 249 2129 ·
312 2102 359 2151 In
379 2109 443 2154 X
445 2104 527 2169 ensi
540 2102 638 2150 urbs
659 2094 915 2170 szgciang'a
926 2102 1131 2150 Phoenice
1148 2100 1259 2149 dicta
1276 2099 1430 2150 velave
1438 2100 1649 2168 auspicata
1659 2129 1673 2162 ‚·
1694 2121 1791 2168 quae
1804 2120 1902 2152 raro

244 2171 390 2220 visitur
410 2190 420 2216 z
440 2189 538 2219 nam
554 2175 666 2239 Fung
675 2171 734 2220 est
743 2175 830 2220 avis
841 2175 886 2221 8(
899 2169 1022 2238 Cicmg
1030 2171 1202 2220 fortuna
1212 2171 1280 2218 vel
1288 2169 1480 2220 felicitas.
1514 2174 1637 2221 Hanc
1646 2189 1769 2221 avem
1779 2175 1902 2222 variis

242 2239 460 2289 coloribus
476 2242 734 2309 depingunt,
742 2241 811 2290 sed
822 2241 986 2307 semper
993 2239 1125 2288 solam
1134 2241 1256 2306 ‚quia
1269 2242 1483 2302 rariffime,
1492 2257 1572 2289 nec
1581 2241 1658 2290 nisi
1672 2260 1830 2310 magno
1839 2243 1902 2291 rei

243 2310 366 2358 bono
382 2311 678 2378 conspiciatur.
714 2311 867 2360 Procul
881 2308 1020 2359 dubio
1032 2311 1282 2359 Phoenicem
1292 2309 1360 2359 vel
1371 2310 1571 2378 ignotum
1585 2312 1735 2378 aquilae
1750 2329 1902 2378 genus,

242 2381 369 2444 quale
384 2379 462 2427 suis
478 2381 690 2447 tapetibus
710 2383 755 2428 8(
774 2380 943 2430 vestitui
960 2383 1174 2437 intexunt,
1187 2379 1408 2429 denotant.

309 2452 356 2497 ln
377 2454 528 2499 Iunncm
538 2451 654 2515 apud
667 2451 850 2517 Kiocing,
861 2449 1107 2499 hirundines
1125 2449 1229 2497 albis
1243 2447 1320 2498 sub
1330 2463 1523 2498 ventrem
1533 2449 1722 2510 maculis,
1730 2467 1788 2499 ex
1801 2452 1899 2517 qui-

242 2517 322 2566 bus
335 2518 499 2567 Medici
517 2519 781 2584 praestantem
792 2519 845 2566 ad
855 2519 1082 2568 oculorum
1103 2519 1206 2568 vitia
1223 2536 1378 2585 aquam
1394 2517 1608 2567 distillant.

311 2588 447 2653 Apud
468 2592 615 2655 Unting
625 2589 737 2636 lacus
756 2594 952 2640 Hoeiniao
966 2586 1188 2637 arboribus
1199 2588 1391 2654 undique
1409 2589 1591 2647 cinetus,
1615 2589 1810 2654 quinque
1819 2587 1899 2637 sta-

242 2656 415 2704 diorum
428 2657 591 2706 ambitu
602 2697 615 2719 ,
634 2661 677 2705 in
689 2676 819 2723 quem
829 2657 1072 2706 decidentia
1090 2657 1250 2706 arboris
1267 2657 1485 2718 cujusdam
1500 2656 1604 2706 folia
1615 2696 1628 2718 ,
1647 2658 1791 2706 avium
1810 2657 1901 2707 for·-

242 2743 356 2777 mam
373 2726 553 2774 induant
565 2767 579 2790 2
598 2742 720 2775 tanto
734 2728 974 2776 accolarum
990 2746 1089 2776 cum
1099 2727 1272 2794 stupore
1283 2764 1297 2787 ,
1312 2743 1363 2775 ut
1372 2726 1460 2775 illas
1476 2743 1572 2774 aves
1592 2745 1675 2793 pro
1685 2727 1900 2794 spiritibus

243 2796 438 2843 habeant.

313 2868 390 2913 Per
406 2866 640 2914 univerfiim
658 2869 793 2916 Sinam
807 2869 893 2914 avis
910 2872 1066 2916 Louwa
1074 2867 1297 2932 reperitur,
1310 2863 1451 2913 ansere
1460 2866 1616 2925 minor,
1635 2884 1771 2915 corvo
1785 2865 1899 2915 fimi-

243 2931 292 2979 lis
304 2970 314 2990 ,
337 2933 454 2981 collo
464 2953 660 3000 procero,
670 2936 809 2984 rostro
822 2938 1016 3002 aquilino
1029 2937 1222 2986 incurvo.
1258 2935 1366 2982 Sinae
1379 2948 1428 2982 ut
1442 2934 1563 3002 supra
1573 2934 1737 2984 di&um
1750 2936 1897 3003 piscari

237 3018 343 3050 eum
357 3001 517 3052 docent
526 3003 649 3063 ,ficut
664 3006 781 3074 apud
796 3024 873 3054 nos
884 3024 1006 3054 canes
1015 3004 1068 3053 ad
1081 3003 1323 3052 venandum
1336 3003 1589 3053 edocentur.
1622 3005 1805 3054 Coll‘um
1821 3006 1870 3052 iis
1884 3039 1899 3063 ‚

242 3088 297 3118 ne
306 3070 487 3133 majores
506 3074 638 3137 pisces
657 3075 913 3142 deglutiant>
921 3074 1062 3123 ferreo
1076 3071 1236 3123 annulo
1247 3072 1559 3140 constringunt²
1570 3092 1681 3139 quos
1689 3092 1746 3122 ex
1757 3073 1897 3142 inglu-

1830 3159 1897 3188 vie
