2114 3412
328 145 397 197 96
560 169 569 178 η
618 116 621 120 Ι
690 129 832 187 Pars
849 122 1017 183 ultima
1039 122 1326 207 Legatiomls
1352 123 1616 184 Patavicae

328 229 622 295 Reperiuntur
640 228 768 275 etiam
777 244 904 275 nuces
923 224 1083 292 absque
1097 243 1215 275 mace
1230 264 1242 286 ‚
1254 225 1377 291 quod
1399 223 1449 272 fit
1463 261 1475 284 ,
1509 225 1678 290 quoties
1689 218 1773 288 per'
1782 220 1915 270 subita
1927 221 1992 269 in-

337 313 547 347 crementa
556 314 716 344 nucum
728 333 741 356 ,
759 295 933 344 reticula
945 298 1170 362 rumpitur,
1191 297 1234 343 8(
1247 295 1378 360 perit,
1392 307 1618 359 antequam
1630 291 1681 340 ad
1691 291 1846 353 justam
1855 292 1992 338 craffi-

339 371 442 415 tiem
452 369 497 413 8(
512 365 644 414 robur
658 367 888 431 perveniat.
925 367 1008 412 Hic
1018 364 1175 413 sanstus
1186 365 1342 412 avariis
1361 361 1508 410 avibus
1518 400 1531 422 ,
1549 363 1762 427 praecipue
1771 358 1994 410 columba·-
2056 384 2063 416 ς

341 454 434 484 runi
446 453 709 502 gene1·e,quae
726 433 829 481 albae
843 435 886 481 8(
900 452 1037 500 parva:
1053 433 1402 493 sunt7devoratur.
1440 433 1515 478 Hae
1534 428 1746 479 columbae
1756 427 1994 478 admodum

340 522 459 553 mace
486 504 768 562 deleStautur,
793 506 838 551 8(
858 521 987 550 nuces
1005 503 1246 551 dehiscente
1256 505 1423 549 extimo
1435 498 1682 558 involucro,
1699 501 1892 565 abreptas
1911 516 1995 547 una

341 593 441 623 cum
461 591 578 621 mace
597 572 844 640 deglutiunt
855 609 867 630 ‚
889 589 1031 637 neque
1043 571 1118 619 nisi
1128 571 1254 637 plena
1266 570 1472 636 ingluvie,
1489 567 1668 626 ceffant3
1688 568 1822 617 ideoa
1836 584 1996 617 merca-
2056 572 2071 594 *-

342 643 506 691 toribus
526 642 780 691 nostratibus
804 644 1062 691 Neut-eeters
1079 652 1297 689 vocantur.
1337 638 1420 686 Sed
1442 654 1571 686 nuces
1588 636 1816 703 deglutitas
1839 638 1996 685 iterum
2060 659 2082 682 .·

343 715 523 779 integras
538 711 718 775 ejiciunt
734 752 748 772 ,
774 729 870 776 quae
892 709 1094 758 stomachi
1109 711 1250 757 calore
1259 706 1447 757 excostat
1459 708 1505 754 8(
1516 720 1731 756 maceratae
1747 704 1922 754 celerius
1931 722 1995 754 ra-

344 781 456 828 dices
472 796 604 846 aguut
614 818 627 839 ,
641 799 688 828 ac
699 780 958 828 excrescunt.
992 777 1180 827 Arbores
1189 777 1243 824 ab
1258 776 1467 837 ejusmodi
1479 774 1659 825 nucibus
1670 789 1888 843 prognatae
1901 790 1998 830 cor-
2059 794 2063 796 ’

345 850 535 916 ruptioni
546 851 782 898 admodum
793 847 995 896 obnoxiae
1012 849 1119 908 sunt,
1130 850 1174 896 8(
1185 845 1341 894 ᾗυᾶιιε
1355 847 1482 912 longe
1493 843 1720 894 debiliores
1731 844 1820 892 aliis
1834 841 1992 891 ferunt:

345 919 460 967 unde
474 918 901 983 parumaestimantur‚
911 934 989 964 nec
1002 918 1079 965 nisi
1096 931 1275 984 propter
1290 916 1770 979 macemdccerpuntur,
1794 915 1868 980 qui
1879 915 2005 979 opti-.

345 1005 414 1035 me
429 1006 591 1035 maceni
608 988 859 1035 adulterant.

413 1061 490 1106 Hae
508 1056 677 1105 arbores
702 1056 872 1122 singulis
897 1056 1013 1103 annis
1032 1055 1118 1114 bis,
1135 1055 1241 1121 saepe
1258 1068 1320 1101 ter
1338 1054 1494 1102 frufius
1504 1054 1656 1104 ferunt.
1704 1056 1844 1101 Prima
1861 1051 1996 1099 nieffis

321 1120 327 1137 ¹
348 1126 548 1193 Augusto
561 1127 605 1173 8(
625 1126 865 1193 Septembri
884 1124 951 1183 ἧς
964 1125 1143 1172 secunda
1152 1125 1337 1183 Martio,
1360 1127 1482 1171 tertia
1497 1124 1585 1172 aliis
1598 1122 1810 1173 mensibus
1829 1139 1912 1189 pro
1932 1139 1996 1169 ra-

347 1198 467 1242 tione
483 1196 594 1243 anni.
630 1198 707 1244 Hae
723 1211 848 1241 nuces
865 1211 954 1241 non
965 1194 1040 1241 nisi
1051 1193 1301 1241 maturrimae
1317 1192 1629 1259 decerpuntur3
1647 1192 1753 1259 saepe
1769 1206 1912 1241 tamen
1921 1208 1996 1238 co-

346 1263 414 1311 lor
432 1261 570 1310 roseus
583 1263 745 1330 decipit
762 1286 773 1323 3
807 1264 922 1309 unde
935 1277 1201 1327 praematuras
1212 1262 1459 1325 decerpunt.
1496 1266 1609 1309 Nam
1626 1263 1856 1310 immaturae
1866 1277 1996 1309 nuces

348 1334 518 1399 (Rumpi
535 1332 672 1398 Indis)
689 1331 750 1379 ob
765 1332 876 1379 succi
896 1333 1087 1397 inopiam
1105 1333 1150 1378 8(
1169 1333 1439 1379 acerbitatem
1451 1331 1564 1379 haud
1576 1345 1741 1382 aetatem
1754 1329 1896 1378 ferunt
1910 1367 1923 1390 ‚
1947 1347 1997 1376 ac
2062 1327 2080 1383 J

346 1401 473 1449 facile
484 1404 732 1448 verminant.
767 1401 847 1449 Sed
863 1416 1034 1448 maturae
1049 1405 1319 1449 excorticatae
1332 1401 1376 1447 in
1389 1400 1488 1449 Sole
1497 1400 1700 1448 siccantur
1721 1419 1731 1445 τ
1759 1399 1859 1447 inde
1869 1399 1996 1446 macis

347 1469 572 1517 volucrum
588 1487 638 1517 au
645 1469 788 1528 fertur3
802 1469 973 1518 tandem
984 1487 1112 1518 nuces
1121 1468 1339 1536 myristicae
1350 1467 1464 1517 calce
1479 1470 1727 1529 abluuntur,
1739 1486 1823 1534 qua
1837 1481 1923 1516 arte
1941 1466 1996 1517 ab

350 1540 472 1585 omni
487 1541 766 1606 corruptione
785 1540 830 1586 8(
857 1541 960 1587 a'e'ris
983 1539 1136 1603 injuria
1157 1539 1393 1587 incolumes
1417 1541 1464 1587 8(
1492 1541 1665 1606 integrae
1681 1538 1928 1596 servantur,-
1947 1554 1998 1586 ac

349 1607 529 1664 navibus
543 1625 618 1673 per
636 1622 778 1656 totum
794 1608 945 1657 orbem
960 1608 1224 1677 sparguntur.
1267 1611 1462 1675 Optimae
1485 1608 1707 1656 censentur
1721 1609 1924 1655 cineritiae
1947 1608 1996 1656 &

345 1675 822 1736 subrubicundae,lineis
839 1678 943 1726 albis
954 1681 1186 1746 variegatae.
1219 1679 1434 1727 Interdum
1453 1677 1648 1744 quaedam
1657 1694 1784 1726 nuces
1802 1690 1996 1726 extraora

345 1746 508 1798 dinaria
525 1747 818 1813 magnitudine
837 1749 954 1807 sunt,
975 1766 1078 1814 quas
1101 1749 1197 1797 Indi
1214 1750 1312 1797 Pala
1332 1753 1435 1797 Iam
1454 1761 1632 1808 vocant,
1659 1748 1814 1813 quibus
1831 1764 1922 1798 non
1939 1743 1998 1793 ad·

347 1815 467 1863 cibos*¹
479 1854 491 1877 ,
502 1816 571 1864 sed
586 1819 628 1865 in
638 1816 849 1866 medicina
867 1832 1057 1871 utuntur.

350 1928 353 1931 .
416 1888 551 1936 Macis
567 1904 683 1945 vero,
692 1905 786 1951 quae
796 1892 892 1936 retis
905 1887 1027 1936 instar
1038 1906 1192 1936 nucem
1206 1889 1361 1948 ambit,
1385 1888 1480 1936 Indi
1491 1901 1589 1934 ante
1599 1888 1768 1952 plenam
1779 1884 1992 1933 maturita-

350 1967 438 2000 tem
450 1992 464 2012 ,
483 1954 587 2002 dum
601 1955 740 2002 adhuc
758 1958 903 2004 colore
912 1956 1081 2005 tubello
1096 1957 1154 2004 est
1166 1993 1178 2015 ,
1201 1956 1280 2003 sale
1296 1959 1342 2004 8(
1354 1971 1478 2004 aceto
1488 1969 1700 2003 macerant
1708 1973 1755 2002 ac
1765 1958 1873 2002 inter
1889 1970 1995 2000 con-

350 2022 651 2087 dimenta,quae
662 2027 904 2088 appetitum
913 2028 1115 2085 excitant,
1129 2027 1275 2090 prims?
1291 2026 1440 2073 mensae
1452 2038 1691 2091 apponunt.
1726 2024 1808 2071 Sed
1817 2022 1893 2070 ubi
1907 2040 1995 2072 ma-

352 2092 485 2138 turuit
503 2130 517 2151 ‚
551 2093 594 2139 in
610 2092 697 2141 sole
711 2093 903 2155 siccatus,
921 2112 1073 2160 magna
1089 2112 1186 2142 cura
1200 2095 1435 2145 asservatur.
1480 2093 1576 2141 Indi
1593 2107 1679 2143 tam
1690 2109 1995 2158 nucem‚quam

352 2164 665 2217 macemuwrvis
678 2161 836 2229 frigore
850 2167 894 2212 8(
906 2163 1169 2211 contrac‘tura
1184 2162 1491 2229 laesis‚prodeffe
1500 2163 1693 2211 creduntz
1706 2161 1822 2210 unde
1833 2165 1995 2228 semper

353 2229 500 2277 oleum
509 2230 627 2278 domi
645 2231 695 2276 ad
708 2250 854 2280 manus
871 2233 1042 2280 habent.
1076 2235 1132 2280 Et
1153 2232 1255 2280 ficut
1267 2235 1392 2281 macis
1402 2232 1766 2297 substantialouge
1784 2232 1994 2282 minorem

354 2316 484 2364 quam
495 2317 601 2359 nux,
619 2301 703 2349 olei
716 2304 885 2367 copiam
896 2303 968 2350 dat
980 2321 989 2347 ε
1004 2304 1061 2348 ita
1071 2303 1094 2349 e
1106 2303 1319 2350 contrario
1331 2304 1479 2351 oleum
1495 2305 1619 2350 macis
1634 2301 1855 2358 efficacius,
1864 2317 1994 2366 quam

355 2371 476 2416 nucis
487 2368 559 2418 est.
567 2372 678 2419 Hinc
689 2374 874 2436 pretium
885 2372 1010 2419 macis
1020 2390 1146 2420 nuces
1158 2372 1343 2438 sexagies
1353 2372 1530 2438 superat.
1545 2376 1685 2421 Nuces
1695 2369 1847 2418 virides
1857 2369 1902 2414 &
1913 2371 1993 2419 im-

356 2453 530 2486 maturae
546 2454 665 2487 aceto
686 2440 752 2487 vel
769 2440 961 2488 saccharo
969 2441 1167 2500 conditae,
1177 2442 1286 2488 inter
1295 2441 1466 2489 bellaria
1476 2440 1628 2489 mensae
1641 2438 1757 2506 apud
1772 2440 1993 2505 Magnates

354 2507 482 2555 Indos
508 2507 715 2571 habentur
743 2529 751 2553 :
786 2510 838 2556 ab
857 2513 904 2557 iis
931 2509 984 2556 ad
1002 2512 1236 2575 Europ-:eos
1255 2510 1343 2557 liaec
1361 2511 1528 2557 luxuria
1542 2508 1747 2576 pervenit.
1781 2508 1993 2556 Nonnulli

352 2579 555 2625 corticem
571 2592 810 2625 extremum
835 2579 1027 2626 fiiccharo
1039 2578 1249 2627 condiunt
1262 2619 1274 2640 ‚
1288 2581 1333 2626 8(
1352 2578 1430 2646 ipsi
1441 2579 1540 2626 nuci
1554 2578 1615 2625 ob
1627 2576 1868 2640 jucundum
1880 2576 1993 2625 odo-

351 2664 440 2713 tem
457 2648 501 2693 8(
516 2660 677 2712 gratam
693 2651 942 2713 temperiem
972 2647 1213 2712 praeferunt.
1250 2649 1459 2698 Hactenus
1483 2648 1536 2697 de
1561 2664 1672 2695 nuce
1688 2649 1908 2694 communi
1922 2663 1994 2694 ro-

352 2716 484 2784 tunda
502 2735 512 2761 ε
532 2718 672 2781 paucis
689 2735 800 2764 nunc
815 2716 868 2764 de
882 2717 1072 2779 oblonga
1089 2756 1101 2776 ,
1126 2717 1303 2765 mascula
1315 2755 1328 2777 ‚
1357 2735 1485 2784 quam
1497 2720 1595 2765 Pala
1610 2720 1673 2763 M
1667 2715 1777 2781 etseri
1799 2716 1890 2763 Indi
1914 2733 1994 2763 vo-

353 2798 462 2832 cant.
499 2785 659 2850 Vulgus
677 2785 745 2832 has
764 2785 975 2850 prioribus
999 2785 1154 2850 absque
1169 2789 1331 2838 ratione
1342 2787 1505 2853 praesert
1522 2825 1536 2845 ,
1552 2784 1666 2851 quasi
1688 2786 1788 2851 quia
1802 2783 1992 2832 masculae

355 2866 560 2900 vocantur
572 2856 617 2900 8<
629 2852 807 2915 majores
823 2855 932 2914 sunt,
949 2855 992 2901 id
1009 2854 1287 2919 praestantiam
1303 2874 1387 2922 prae
1402 2857 1571 2920 reliquis
1586 2867 1789 2923 argueret.
1826 2853 1992 2904 Mascu-

352 2920 410 2968 las
428 2922 542 2987 vulgi
557 2941 671 2972 error
683 2924 883 2987 appellat,
896 2923 1011 2989 quasi
1025 2924 1217 2971 comestae
1235 2927 1329 2972 viris
1344 2925 1482 2974 semen
1493 2939 1687 2990 augeant,
1700 2923 1820 2990 quod
1835 2938 1994 2990 purum

353 3006 644 3040 commentum
653 2992 725 3041 est.
760 2995 814 3040 Et
824 3011 914 3059 quo
925 2993 1102 3053 majores
1122 2994 1237 3052 sunt,
1255 3011 1310 3040 eo
1333 2993 1560 3042 debiliores
1578 2995 1735 3043 viribus
1755 2992 1990 3058 deprehen-

355 3057 514 3113 duntur
525 3064 660 3124 parvis
675 3064 721 3111 8(
731 3063 926 3112 rotundis
941 3064 1106 3129 exiguo
1121 3079 1302 3128 corpore
1319 3062 1412 3128 plus
1423 3065 1660 3114 aromaticae
1681 3065 1844 3116 virtutis
1861 3058 1988 3126 poffi-

1850 3128 1990 3180 denti·
