2114 3412
349 151 375 199 8
389 152 416 197 8
613 180 617 183 -
714 135 857 192 Pars
871 127 1038 187 ulttma
1061 128 1344 212 Legationis
1363 129 1626 187 Patavicae

348 240 513 303 quippe
534 232 690 280 femina
706 233 750 279 in
760 248 887 296 aquas
907 229 1106 280 studio&
1120 247 1221 277 cura
1235 230 1462 278 hominum
1480 227 1739 289 abjiciuntur
1749 254 1762 286 ‚·
1784 227 1883 278 inde
1898 228 2009 287 adeo

352 306 585 354 luxuriant.
620 303 843 368 Magnates
852 302 981 348 etiam
992 302 1035 348 iu
1046 301 1182 348 hortis
1195 302 1241 348 8(
1252 299 1373 348 domi
1394 299 1438 344 in
1452 298 1553 346 vasis
1565 297 1722 365 figlinis
1738 298 1833 346 luto
1844 301 1890 348 8(
1900 317 2011 366 aqua

351 374 491 441 plenis
513 371 645 418 alunt,

420 444 588 512 Sinenfis
608 440 700 488 rosa
711 438 880 506 lingulis
899 438 1050 488 diebus
1066 440 1130 487 bis
1145 439 1337 488 colorem
1354 441 1397 486 in
1413 436 1560 486 album
1578 441 1622 486 8(
1639 454 1906 505 purpureum
1916 456 2011 490 mu·

356 527 416 562 tat
435 532 444 558 ε
463 511 575 559 odor
588 512 774 576 ingratus
793 509 865 558 cst.

421 580 533 629 Urbs
560 580 706 650 Qeilin
723 581 766 626 in
781 581 971 648 Qngfi,
1003 580 1026 627 a
1046 579 1154 627 flore
1171 583 1270 650 Qei
1287 595 1449 627 nomen
1460 576 1602 638 habet,
1612 578 1688 643 qui
1699 576 1757 624 ibi
1778 577 2013 643 copiosiffi-

354 669 423 699 me
444 653 626 699 nascitur
654 650 697 695 in
710 648 968 708 altaarbore,
994 649 1016 695 a
1038 647 1157 711 cujus
1183 650 1295 697 iolio
1313 646 1438 695 instar
1466 647 1570 696 lauri
1596 647 1663 694 vel
1684 645 1856 696 canellae
1880 666 1891 694 ε
1923 646 2014 716 ipse

356 721 437 768 flos
457 722 662 786 exiguus,
681 718 840 778 flavus,
863 721 905 766 in
931 717 1166 767 racemulos
1181 716 1407 783 dispersus,
1448 717 1585 764 odore
1602 715 1725 768 suavi,
1772 717 1867 764 Diu
1883 716 2014 769 inhae-

355 804 450 838 rent
475 788 698 837 arboribus
719 825 730 847 ,
763 802 992 853 antequam
1011 786 1210 836 decidant
1231 807 1241 832 :
1273 787 1380 834 intra
1399 785 1588 835 mensem
1614 787 1717 834 novi
1736 788 1781 834 in
1803 798 2014 836 autumno

355 859 630 907 succrescunt.
669 857 824 905 Odore
841 857 1079 905 suaviffimo
1093 870 1231 906 totam
1247 856 1446 904 viciniam
1464 855 1660 923 implent.
1692 856 1847 904 Turcae
1861 855 2016 906 florem

354 934 400 978 in
419 930 543 977 succo
559 928 771 976 limonum
795 941 1007 977 macerant
1028 928 1072 974 &
1098 925 1210 994 pilos
1223 942 1437 992 equorum
1455 928 1627 976 suorum
1644 926 1856 986 colorant,
1865 944 1912 974 ac
1930 926 2015 976 tin·-

355 1012 476 1067 gunt.
513 997 595 1063 Ipfi
607 1000 713 1045 Sinae
723 996 777 1043 ad
794 998 952 1044 odores
969 999 1106 1044 varios
1126 998 1174 1043 iis
1189 1009 1379 1046 utuntur.

426 1067 562 1133 Apud
574 1067 773 1127 Kinhoam
790 1068 833 1114 in
853 1062 1048 1133 C'hekiasgg
1060 1106 1073 1125 ,
1107 1066 1188 1113 flos
1205 1065 1320 1113 ludis
1338 1067 1383 1112 &
1395 1064 1601 1114 Lusitanis
1626 1068 1803 1132 Ilffogorin
1815 1104 1830 1127 ‚
1848 1068 2016 1132 exiguo

358 1137 530 1186 arbusto
546 1136 785 1194 innascitur,
795 1135 942 1183 colore
953 1135 1248 1184 candidiffimo
1261 1134 1466 1201 ‚Jasmino
1476 1153 1564 1185 non
1584 1133 1883 1194 abfimilis‚niss
1892 1134 2016 1202 quod
2068 1130 2071 1159 ⁷

358 1208 479 1273 plura
498 1205 604 1253 folia
619 1204 748 1253 habet
764 1233 777 1263 ‚-
812 1205 947 1252 odore
971 1205 1137 1272 superat
1152 1242 1165 1263 ,
1197 1205 1255 1250 ita
1270 1218 1318 1251 ut
1337 1222 1445 1251 unus
1456 1205 1555 1253 Flos
1575 1218 1710 1254 totam
1726 1205 1908 1254 domum
1930 1204 2017 1253 fra-

356 1278 517 1342 grantia
536 1274 723 1340 impleat.
758 1276 910 1340 Magni
922 1275 1035 1322 hunc
1044 1275 1218 1322 Florem
1234 1275 1339 1322 Sinae
1358 1273 1519 1320 faciunt
1530 1313 1541 1334 ,
1553 1279 1597 1323 8(
1614 1276 1658 1322 in
1670 1274 1770 1322 vasis
1781 1289 1929 1324 contra
1938 1272 2016 1328 fri,

327 1365 334 1368 “·
357 1363 435 1413 gus
454 1342 618 1392 curiose
632 1344 846 1396 asservant.

427 1413 565 1480 Apud
584 1415 772 1479 ‘Pingiven
783 1414 828 1459 in
889 1415 1051 1473 michea,
1063 1412 1161 1460 Flos
1176 1410 1370 1460 odorifer
1384 1412 1557 1480 jasmini
1577 1414 1792 1479 provenit.

1003 1563 1329 1631 vsrundines.

359 1694 406 1808 I
423 1700 466 1747 Ν
502 1705 566 1751 X
568 1711 708 1764 antung
719 1697 836 1764 apud
852 1698 1056 1764 Tengcheu
1067 1737 1080 1759 ,
1111 1696 1278 1762 arundo
1295 1697 1498 1763 quadrata
1518 1693 1721 1749 nasciturs

346 1790 349 1792 ¹
487 1769 534 1817 In
553 1773 617 1818 H
615 1788 762 1834 uquang
777 1768 894 1834 apud
909 1782 1105 1816 montem
1124 1766 1349 1824 Coarundo
1365 1767 1546 1815 nascitur
1561 1767 1747 1815 triennio
1762 1778 1929 1816 tantum
1936 1765 2018 1815 du-

359 1854 450 1883 rans
468 1855 477 1881 :
498 1836 568 1883 sed
584 1853 640 1884 ex
658 1836 797 1885 radice
816 1854 932 1886 nova
948 1851 1040 1885 tum
1055 1838 1360 1903 progerminat,

429 1908 475 1950 ln
492 1907 682 1971 Nankiygg
693 1907 808 1971 apud
828 1911 1040 1975 [asozzigan³
1056 1907 1167 1954 lacus
1188 1906 1271 1952 alta
1284 1905 1489 1953 arundine
1506 1906 1661 1965 foetus,
1684 1904 1839 1971 quibus
1862 1904 2018 1953 accolae

361 1990 443 2036 pro
454 1973 577 2035 lignis
591 1989 780 2024 utuntur.
1581 1983 1583 1986 ’

432 2042 479 2087 In
503 2045 717 2110 thmg
732 2042 849 2109 apud
862 2047 1042 2110 Lochasgg
1051 2079 1064 2100 ,
1077 2046 1121 2089 in
1140 2056 1289 2090 monte
1309 2044 1433 2110 Chang
1443 2043 1608 2091 arundo
1621 2045 1753 2110 nigra,
1767 2043 1886 2093 unde
1899 2043 2020 2093 fistu-

360 2108 419 2156 las
441 2109 528 2157 suas
547 2114 650 2160 Since
664 2113 709 2158 8(
727 2114 860 2160 multa
872 2114 952 2161 alia
963 2112 1214 2163 conficiunt.
1250 2112 1489 2178 Splendore
1499 2112 1686 2162 ebenum
1702 2127 1855 2179 aequat.

430 2178 598 2227 Ibidem
612 2182 656 2228 in
668 2196 816 2228 monte
828 2184 959 2248 queu
969 2221 982 2243 ,
1001 2182 1242 2249 longissima
1257 2184 1302 2230 8(
1312 2183 1544 2230 crasliffima
1560 2183 1742 2243 arundo,
1749 2183 1926 2232 craffitie
1942 2181 2020 2231 de-

363 2263 457 2295 cem
479 2248 726 2315 palmarum.

433 2320 481 2364 In
498 2319 681 2386 Chekiang
692 2320 806 2385 apud
821 2318 997 2383 [buchen
1009 2323 1052 2369 &
1067 2321 1271 2388 [Qngning
1283 2359 1295 2381 ‚
1323 2320 1481 2369 rivulus
1506 2320 1604 2369 fluit
1622 2321 1772 2388 plenus
1791 2314 2018 2373 arundine-

365 2400 522 2434 torum.
558 2389 822 2436 Arundoilla
843 2389 1001 2438 ferrum
1019 2390 1176 2439 duritie
1195 2403 1361 2456 aequat,
1387 2391 1563 2438 craffitie
1587 2393 1716 2440 trium
1736 2391 1845 2458 saepe
1861 2389 2017 2458 spitha-

364 2473 541 2504 marum.
578 2460 634 2504 Et
650 2475 893 2523 quanquam
906 2462 1017 2507 intus
1033 2478 1133 2507 cava
1151 2459 1213 2519 fit,
1224 2479 1271 2507 ac
1282 2460 1405 2509 nodis
1416 2460 1691 2520 interstint‘Pta,
1708 2459 1940 2510 firmiffima
1954 2475 2018 2509 ta-

363 2541 463 2572 men
480 2525 539 2572 est
557 2529 603 2574 8(
619 2543 874 2591 magnorum
895 2528 1138 2594 ponderum
1154 2529 1273 2577 ferax
1299 2550 1310 2575 z
1343 2528 1480 2592 major
1496 2529 1547 2578 ad
1560 2541 1750 2597 quatuor
1761 2530 2021 2596 perticarum

364 2593 648 2655 altitudinem,
662 2598 803 2643 minor
822 2599 896 2644 vix
909 2597 960 2644 ad
982 2597 1221 2658 dimidiam,
1237 2599 1419 2666 assurgit.
1458 2599 1617 2664 Aliqua
1627 2598 1768 2647 viridis
1779 2599 1943 2666 ,aliqua
1952 2599 2018 2650 ni-

363 2680 439 2728 gra
453 2663 536 2723 est,
557 2678 606 2711 ut
621 2665 797 2712 inludia
817 2684 901 2714 mas
922 2668 1107 2725 Bambu,
1122 2685 1259 2733 eaque
1274 2685 1363 2716 non
1374 2685 1474 2716 cava
1496 2667 1568 2715 sed
1590 2666 1736 2716 solida.
1771 2668 2019 2738 Jucundum

359 2732 528 2797 praebet
546 2735 608 2780 ob
627 2733 818 2800 oblonga
830 2773 842 2794 ,
860 2735 995 2783 forma
1007 2736 1207 2802 gladioli,
1227 2738 1273 2784 8(
1289 2739 1333 2785 in
1347 2737 1615 2785 extremitate
1634 2736 2020 2803 aliquantulumre.⁴

365 2814 477 2849 torta
498 2801 601 2849 folia
613 2842 625 2862 ‚
638 2804 683 2849 8(
701 2805 801 2868 quia
816 2818 914 2853 toto
929 2823 1042 2853 anno
1054 2807 1174 2854 viret.
1210 2809 1266 2854 Et
1276 2822 1519 2873 quanquam
1527 2805 1623 2854 ferri
1634 2805 1791 2855 duritie
1805 2806 1877 2866 fit,
1894 2806 2021 2856 facile

366 2873 562 2919 tamenin
575 2874 732 2939 exigua
749 2872 995 2922 filamentazi
1015 2876 1159 2939 peritis
1170 2874 1353 2933 ducitur,
1361 2873 1475 2922 unde
1489 2873 1640 2925 storeas
1652 2877 1836 2939 ,corbes‚
1845 2877 2019 2926 cantha-

366 2955 433 2983 ros
453 2941 497 2985 ἃ
516 2938 595 2986 alia
616 2941 921 3006 suppelleffllia
941 2943 1145 3008 plecffiunt.
1184 2943 1311 2993 AEdes
1327 2960 1508 3011 quoque
1521 2961 1577 2993 ex
1591 2943 1677 2994 hoc
1689 2946 1895 2995 arundine
1912 2960 2019 2993 cona

366 3004 518 3054 ficiunt
537 3008 582 3053 8(
598 3010 838 3059 columnas:
857 3031 913 3060 ex
930 3014 1111 3060 tenuiori
1128 3012 1260 3061 hastas
1270 3011 1504 3062 aclanceas:
1530 3018 1779 3079 aptaetiam‚
1789 3013 1908 3082 quod
1919 3030 2016 3081 per-

366 3073 499 3123 forata
510 3075 625 3135 fit2ad
640 3080 817 3140 canales,
829 3099 1119 3148 aquarumque
1129 3080 1369 3141 tubulos,&
1387 3082 1592 3148 imprimis
1607 3083 1663 3136 ad
1672 3084 2020 3152 telescopia‚quia

1884 3151 2015 3214 levis,
