2150 3370
405 129 472 190 ad
479 133 625 199 M
620 152 792 216 agnum
808 129 1064 191 Tartariae
1080 134 1303 219 Sitzaeque
1319 135 1575 216 Chnmum.
1796 168 1828 212 9

527 291 710 355 Tertia
742 297 1018 357 ‘Provincia
1047 294 1247 379 Imperii
1279 302 1450 360 Sinici.

761 438 821 496 X
866 435 920 496 E
965 436 1033 500 N
1081 439 1116 498 S
1163 439 1210 498 I.

171 572 252 703 X
294 588 332 633 E
346 601 373 629 N
386 601 402 630 s
419 600 432 628 1
457 580 697 630 Borealium
719 585 827 631 Sinae
850 584 1103 651 Regionum
1114 582 1440 632 Occidentalior
1450 585 1509 634 est
1519 589 1703 637 maxima
1715 610 1820 657 pars,

293 656 451 719 Regno
462 667 581 718 prete
593 655 716 710 Joan,
736 653 893 714 Kaskar
910 656 955 701 8(
968 653 1080 701 Tibet
1091 687 1105 708 ,
1127 671 1221 719 quae
1232 671 1323 701 uno
1335 657 1511 704 nomine
1525 658 1638 724 Sisan
1648 695 1659 717 ,
1668 677 1820 709 vocan-

145 741 214 774 tur
230 762 243 785 ,
261 722 485 773 altitudine
507 723 678 787 triginta
701 722 911 789 graduum
932 724 1128 788 proxima
1165 741 1175 768 :
1212 722 1349 771 versus
1367 726 1658 775 Occidentem
1678 728 1820 777 Solem

143 798 352 861 Regnum
374 789 539 855 Tamju,
557 808 682 838 muro
709 793 985 857 interjacente
1020 812 1030 839 :
1066 809 1156 839 non
1181 806 1325 840 tamen
1347 807 1438 842 tota
1459 813 1584 843 muro
1602 799 1816 866 cingitur,
1836 810 1923 856 Fines

144 864 217 912 sed
229 863 361 928 usque
371 860 425 909 ad
437 859 600 907 flumen
615 863 782 910 croceum
793 897 805 921 ,
826 874 975 909 caetera
985 863 1142 917 areniS‚
1161 864 1207 910 8(
1226 860 1321 928 ipso
1330 861 1508 912 flumine
1523 868 1648 913 Croceo
1666 882 1815 916 contra
1833 852 1918 888 'ms‘

146 950 322 981 omnem
336 932 422 980 vim
434 930 696 978 muniuntur.
733 931 808 977 Ad
820 935 983 979 Ortum
994 931 1110 978 idem
1130 931 1296 979 flumen
1308 969 1321 992 ,
1338 933 1458 996 quod
1470 948 1551 982 tres
1567 937 1708 984 tertias
1725 938 1816 1001 ejus

145 1017 282 1069 partes
292 999 445 1059 ambit,
459 997 667 1048 Australia
677 997 856 1048 altiffimi
867 1002 913 1049 8(
922 1003 1116 1049 continui
1127 1015 1293 1049 montes
1303 1000 1357 1049 ab
1371 1005 1436 1050 H
1433 1021 1525 1050 onan
1541 1040 1553 1064 ,
1565 1005 1723 1054 Suchien
1732 1040 1746 1060 ‚
1765 1009 1813 1056 8(

146 1076 213 1122 H
210 1088 357 1138 uquang
376 1068 579 1134 separant.

217 1145 444 1206 Aquarum
452 1136 702 1204 pluvialium
712 1140 833 1207 regio
844 1141 969 1207 inops
979 1174 994 1197 ,
1011 1141 1112 1189 hinc
1122 1140 1275 1190 siccitas
1284 1179 1297 1202 ,
1305 1160 1458 1209 magna
1470 1155 1614 1190 tamen
1626 1145 1814 1193 frumen-

141 1211 175 1259 ti
187 1213 313 1275 copia
324 1247 338 1269 ,
363 1226 515 1274 parum
533 1225 686 1273 oryzae.
724 1212 882 1258 Pecora
903 1209 1123 1258 frumento
1134 1230 1209 1278 per
1228 1212 1433 1277 hyemem
1454 1211 1594 1272 alunt,
1615 1232 1814 1279 quorum,

140 1282 331 1328 maxime
347 1279 496 1327 ovium
516 1280 564 1326 8(
583 1296 804 1344 caprarum
826 1281 977 1347 ingens
995 1279 1239 1330 multitudo.
1277 1283 1369 1329 Ter
1380 1299 1511 1341 ann0,
1520 1300 1619 1331 vere
1633 1321 1647 1341 ,
1663 1283 1814 1343 aestate,

142 1363 352 1397 autumno
372 1347 567 1396 tondent.
604 1348 690 1395 Sed
711 1351 847 1414 prima
867 1348 1008 1397 tonsio
1029 1353 1195 1416 optima
1213 1370 1223 1397 :
1245 1369 1300 1398 ex
1318 1350 1414 1399 lana
1435 1370 1600 1417 pannos
1614 1370 1663 1399 ac
1681 1352 1813 1401 vestes

141 1416 337 1484 singulari
349 1431 435 1465 arte
446 1417 696 1465 conficiunt.
732 1418 907 1467 Mustus
927 1437 983 1467 ex
1003 1419 1211 1468 umbilico
1236 1419 1456 1485 cujusdam
1478 1420 1664 1469 animalis
1674 1421 1811 1471 forma
1830 1434 1947 1468 Moschi

142 1489 277 1535 Cervi
297 1488 480 1534 incornis
492 1522 505 1545 ,
515 1487 634 1550 cujus
643 1503 786 1535 carnes
797 1506 879 1553 pro
889 1488 1299 1554 cibo,depromitur.
1332 1491 1460 1537 Dum
1470 1492 1604 1555 prurit
1615 1526 1626 1547 ,
1645 1490 1813 1539 umbili-
1829 1484 1953 1549 fissf'es‘*

140 1573 211 1603 cus
222 1557 313 1621 ejus
325 1555 448 1602 instar
459 1554 600 1603 vesicae
613 1558 829 1621 Sanguine
839 1556 975 1623 plenae
985 1571 1140 1625 turget.
1174 1560 1260 1606 Hic
1282 1572 1425 1606 tumor
1438 1593 1452 1613 ,
1473 1561 1549 1624 qui
1560 1559 1810 1609 umbilicum

138 1625 427 1691 repraesentat,
446 1627 492 1672 8(
513 1626 690 1672 extenui
710 1624 844 1690 pilosa
871 1628 1015 1672 tunica
1027 1626 1215 1685 constat,
1234 1644 1335 1672 cum
1347 1627 1535 1691 pretioso
1546 1627 1811 1694 hocliquore

136 1696 353 1743 eximitur.
389 1694 474 1741 Sed
485 1712 580 1741 raro
589 1694 646 1741 ad
655 1711 733 1742 nos
743 1695 1012 1760 incorruptus
1023 1692 1234 1753 defertur,
1254 1696 1375 1753 Sinis,
1389 1697 1558 1761 integro
1568 1710 1754 1753 tumore,
1764 1698 1811 1746 li-

137 1781 319 1829 quorem
340 1761 520 1809 subdole
540 1763 873 1810 eximinentibus
890 1801 904 1823 ‚
934 1766 981 1810 8(
1000 1777 1250 1827 corruptum
1272 1761 1370 1809 loco
1381 1763 1470 1826 ejus
1480 1766 1808 1816 infarcientibus.

137 1838 311 1881 Aurum
322 1850 378 1879 ex
396 1830 645 1877 fluminibus
656 1833 701 1877 &
712 1831 768 1877 ad
781 1833 889 1896 ripas
914 1829 1104 1895 (fodinae
1115 1848 1361 1897 quanquam
1381 1832 1531 1879 uberes
1542 1831 1621 1882 sint
1633 1871 1646 1894 ,
1662 1852 1730 1884 eas
1750 1849 1809 1885 ta-

135 1919 235 1949 men
248 1901 415 1949 scrutari
432 1897 652 1963 illicitum)
668 1897 830 1964 legunt.

207 1971 327 2019 offilo
347 1967 619 2035 Metropoles
633 2003 645 2024 2
667 1983 840 2018 centum
864 1973 911 2020 8(
930 1969 1094 2038 septem
1114 1971 1264 2030 urbeS,
1286 1974 1554 2020 munimenta
1579 1973 1625 2021 8(
1644 1972 1809 2024 castella

133 2041 436 2091 novemdecim
461 2038 770 2105 cornpleffitur.

203 2108 473 2176 Metropoles
489 2109 585 2157 sunt
605 2113 744 2178 Stgang
754 2144 768 2165 ,
786 2112 1025 2178 Fungcing,
1048 2111 1266 2177 Hanclmng
1288 2147 1301 2171 ,
1320 2112 1551 2178 Pingleang,
1573 2115 1808 2180 Cungchmgg,

134 2182 290 2245 Linijao
309 2217 321 2240 ,
342 2183 545 2246 Kingyang
566 2180 785 2246 &Jengam

204 2251 230 2294 S
248 2268 298 2295 ιο
310 2267 337 2295 Α
352 2267 381 2293 Ν
399 2251 535 2314 prima
556 2251 787 2297 Provinciae
805 2249 1080 2317 Metropolis,
1094 2251 1223 2297 trium
1233 2253 1541 2317 Imperantium
1552 2252 1806 2301 familiarum

134 2315 301 2380 (hevae,
322 2321 416 2365 Cinae
436 2353 448 2375 ,
477 2320 524 2365 8(
550 2319 692 2364 Ηιιηιε
709 2318 847 2376 sedes,
874 2317 1035 2383 septem
1054 2318 1241 2382 superbis
1263 2321 1434 2386 affingit
1453 2321 1615 2385 palatiis
1633 2321 1687 2368 ad
1710 2325 1805 2370 Au-

130 2387 293 2435 stralem
315 2388 502 2434 fluminis
525 2389 643 2444 Guei,
673 2386 806 2433 tribus
818 2386 1028 2434 Pontibus
1048 2405 1104 2433 ex
1125 2385 1238 2434 seclo
1263 2390 1562 2454 quadratoque
1580 2388 1723 2455 lapide
1744 2390 1806 2438 fii-

130 2475 207 2522 per
224 2456 404 2516 struffls,
427 2457 562 2521 ripam
585 2468 674 2502 tam
695 2456 888 2503 miranda
913 2453 1173 2515 acclivitate,
1192 2469 1241 2503 ut
1260 2456 1437 2504 aedificia
1458 2456 1662 2523 paulatim
1683 2476 1805 2506 mon-

131 2542 220 2574 tem
240 2525 461 2574 subeuntia
482 2543 569 2572 una
588 2542 687 2572 cum
707 2524 912 2573 maenibus
926 2524 1043 2591 quasi
1061 2524 1393 2590 amphiteatrum
1414 2527 1635 2591 quoddam
1650 2529 1804 2592 jucun-

132 2595 298 2643 diffimo
310 2594 477 2660 aspectu
486 2592 798 2659 repraesentent.
834 2596 982 2642 Turris
991 2597 1058 2642 Υειι
1069 2594 1179 2642 dicta
1195 2594 1424 2654 Novizonia
1434 2598 1543 2644 inter
1553 2613 1702 2644 omnes
1712 2597 1802 2645 alti-

134 2666 284 2713 tudine
314 2683 362 2712 ac
381 2662 606 2730 splendore
617 2664 782 2710 emicat.
819 2662 1186 2711 Pulchritudinem
1207 2664 1298 2729 ejus
1315 2663 1617 2730 septemdecim
1636 2665 1801 2716 theatra

135 2732 257 2780 tholo
277 2748 482 2799 cooperta
494 2768 506 2791 ,
525 2733 581 2780 ad
602 2734 760 2781 variam
778 2733 909 2781 animi
922 2733 1206 2780 remiffionem
1219 2735 1425 2781 vivarium
1446 2735 1489 2779 in
1501 2732 1622 2798 septo
1634 2752 1775 2800 aqueo
1788 2773 1801 2797 ,

138 2801 246 2848 Sinis
258 2802 395 2868 Viyang
420 2839 433 2862 ,
466 2803 638 2868 triginta
660 2801 790 2849 stadia
811 2800 978 2849 ambitu
997 2801 1073 2849 suo
1091 2801 1405 2867 complectente
1424 2837 1437 2861 ,
1457 2803 1670 2863 extructa,
1693 2807 1799 2853 mire

133 2885 304 2935 augent.
341 2875 437 2919 Nec
455 2870 653 2918 ultimum
676 2870 819 2937 gloriae
841 2870 1018 2938 gradum
1039 2870 1193 2918 illustre
1204 2869 1433 2935 templum,
1457 2872 1480 2918 a
1503 2871 1670 2940 Jesuitis
1690 2875 1798 2922 Deo

134 2956 239 2986 vero
259 2939 466 2997 dicatum,
485 2939 667 2988 obtinet.
714 2942 1007 2988 Numerantur
1027 2941 1071 2986 in
1089 2938 1176 3002 ejus
1197 2941 1407 2987 territorio
1427 2939 1498 2987 sex
1520 2941 1641 3007 supra
1651 2944 1797 3008 trigin-

132 3021 176 3056 ta
196 3009 382 3056 civitates
400 3045 412 3067 ,
440 3011 558 3075 Sigan
576 3046 589 3068 ,
611 3012 845 3076 Hienymg,
870 3012 1101 3075 Hingping,
1124 3009 1345 3076 Linclmng,
1364 3009 1597 3077 IQngtj‘argg,
1620 3006 1799 3077 (bonag,

136 3081 247 3133 Ha,
272 3080 460 3132 Lantien,
483 3081 589 3127 Ltvo
606 3116 621 3139 ,
647 3081 796 3145 Xang2
819 3078 980 3145 Chingan
991 3116 1006 3140 ,
1029 3079 1143 3143 Tung
1155 3116 1168 3138 ,
1187 3078 1320 3143 Chaoye
1331 3118 1347 3141 ,
1373 3081 1798 3146 Htwngsshingching,

1102 3149 1138 3195 B
1663 3151 1805 3210 Pexui,
