2114 3412
125 1763 174 1795 ες.
188 1754 269 1796 April

124 1807 235 1838 pagum
246 1799 290 1828 U-

120 1849 274 1879 CIENJEN.

122 2018 208 2049 Ritus
225 2019 266 2050 sa-

121 2059 230 2092 crificii.

112 2948 270 2985 Optimum

110 2987 262 3018 Porcella-

110 3037 155 3057 nae
166 3039 259 3069 genus

311 1474 450 1524 evafit.
494 1475 601 1523 Inde
611 1490 788 1523 vacuam
801 1472 969 1521 Tartari
981 1471 1132 1520 urbem
1148 1470 1314 1538 ingressi
1324 1508 1337 1530 ,
1360 1469 1510 1519 cuncta
1522 1469 1635 1518 ferro
1647 1506 1658 1528 ,
1676 1471 1778 1537 igne
1796 1472 1982 1534 caedunt,

311 1545 506 1603 diruunt,
527 1544 700 1592 vastant.
736 1543 1034 1609 Quadraginta
1053 1541 1183 1590 millia
1202 1542 1366 1607 periiffe
1377 1543 1534 1588 civium
1546 1539 1752 1589 feruntur.
1790 1545 1849 1590 lta
1861 1545 1979 1590 enim

313 1615 498 1661 Tartaris
519 1627 737 1678 receptum
749 1647 763 1668 2
786 1614 859 1678 qui
876 1611 1027 1677 sponte
1046 1611 1314 1660 deditionem
1331 1612 1492 1660 faciunt
1505 1647 1518 1671 ,
1533 1610 1764 1658 incolumes
1776 1611 1981 1677 praestare,

310 1685 353 1729 vi
370 1698 639 1749 expugnatos
653 1683 946 1730 internecione
959 1680 1111 1729 delere.

378 1752 594 1820 Vigefima
606 1754 755 1819 quinta
768 1749 928 1818 Aprilis
939 1752 1053 1799 vicus
1063 1752 1107 1797 in
1120 1749 1363 1817 conspeeffi,
1373 1751 1469 1799 UC
1482 1752 1499 1797 1
1515 1749 1552 1797 E
1566 1751 1650 1818 NJ
1663 1752 1701 1797 E
1714 1751 1774 1797 N.
1811 1752 1979 1817 Magna

308 1820 367 1868 ibi
379 1825 552 1869 navium
564 1823 703 1868 omnis
713 1823 876 1889 generis
886 1823 1011 1886 copia
1022 1857 1035 1880 ,
1052 1838 1147 1886 quae
1166 1838 1223 1867 ex
1240 1822 1360 1867 omni
1372 1821 1470 1867 Sina
1492 1836 1547 1867 eo
1557 1819 1618 1867 ob
1630 1817 1872 1866 Porcellana
1885 1818 1977 1867 vasa

307 1891 547 1938 confluunt.
585 1893 695 1938 Situs
703 1891 755 1938 ad
767 1908 882 1937 mare
893 1892 1044 1955 Poyang
1057 1889 1110 1937 ad
1128 1886 1273 1937 laevam
1287 1885 1384 1951 sani
1395 1890 1529 1953 ripam
1542 1924 1554 1947 ,
1572 1888 1844 1956 longitudine
1856 1890 1978 1935 unius

308 1959 433 2007 horae.
472 1962 637 2026 Magna
649 1959 708 2006 ibi
720 1961 996 2016 commercia,
1020 1960 1065 2005 8(
1078 1957 1186 2005 aedes
1196 1957 1285 2005 satis
1296 1955 1536 2022 splendidae.

378 2029 454 2076 Ad
466 2029 659 2076 dextram
670 2045 792 2075 mons
807 2026 956 2093 insigni
973 2028 1153 2094 Pagodo
1165 2025 1339 2073 celebris
1349 2062 1362 2085 ,
1382 2028 1494 2073 intus
1506 2025 1646 2073 statuis
1656 2024 1710 2073 ab
1723 2039 1906 2091 utroque
1921 2026 1977 2075 la-

306 2109 393 2144 tere
404 2114 589 2146 ornatus.
603 2097 839 2163 Lampades
848 2097 1042 2161 undique
1053 2095 1246 2143 ardentes
1257 2097 1468 2143 continuis
1478 2095 1674 2152 interdiu,
1690 2095 1906 2161 iio&uque
1917 2095 1978 2144 lu-

305 2167 502 2216 minibus.
531 2170 622 2223 Qii
645 2166 782 2215 lacum
803 2168 952 2231 Poycmg
976 2166 1191 2230 trajiciunt
1213 2167 1405 2223 Tartari,
1427 2167 1622 2229 Sinaeque
1643 2164 1750 2212 sacra
1771 2164 1896 2212 Idolo
1913 2165 1977 2213 fa-

304 2236 493 2295 ciunt,ut
505 2239 583 2285 iter
594 2236 821 2302 prosperet.
851 2237 976 2282 Ritus
987 2234 1194 2293 sacrificii,
1217 2248 1263 2282 ut
1274 2234 1360 2300 ipsc
1370 2234 1456 2281 vidi
1468 2271 1479 2293 ,
1490 2233 1593 2281 talis.
1630 2233 1754 2281 Plebs
1765 2233 1977 2300 gallinam,

304 2303 478 2353 ditiores
491 2324 685 2372 porcum,
702 2304 828 2352 Idolo
839 2304 1098 2351 horrendum
1111 2303 1326 2368 spectanti,
1338 2302 1708 2370 jugulantstalido
1719 2322 1794 2370 per
1802 2303 1979 2370 ungulas

303 2373 406 2421 idoli
427 2375 549 2439 (nam
566 2375 759 2423 manibus
775 2411 787 2433 ,
803 2373 1068 2440 pedibusque
1082 2373 1290 2440 ungulatis
1303 2374 1609 2438 Gryphionum
1628 2372 1751 2420 instar
1771 2372 1976 2440 conspici-

303 2441 395 2507 tur)
407 2443 605 2510 sanguine
616 2458 921 2510 promanante,
943 2446 1001 2490 ita
1019 2442 1187 2490 Idolum
1207 2456 1349 2490 totum
1361 2460 1511 2489 cruore
1521 2442 1686 2490 foedum
1705 2442 1872 2507 aspectu
1886 2477 1899 2497 ,
1925 2445 1975 2492 &

302 2512 597 2561 abominabile.
623 2519 662 2564 U
671 2512 816 2581 ngulas
829 2514 965 2578 porci,
977 2511 1314 2579 gallinarumque
1326 2511 1458 2558 cristas
1469 2513 1611 2559 eidem
1622 2511 1778 2558 sacrant
1791 2533 1803 2570 3
1817 2511 1975 2577 reliqua

301 2580 622 2631 laetificantibus
643 2586 686 2630 in
710 2582 853 2629 cibum
878 2582 1050 2629 cedunt.
1084 2585 1238 2648 Longa
1250 2583 1363 2629 hunc
1376 2583 1541 2635 vicum,
1563 2578 1974 2646 pariquelatitudine

300 2667 488 2712 permeat
505 2652 665 2718 platea,
687 2665 969 2699 mercatorum
989 2651 1170 2699 officinis
1192 2664 1379 2716 utroque
1400 2649 1528 2698 latere
1551 2648 1708 2696 consita
1722 2683 1734 2703 ‚
1752 2648 1820 2695 sed
1834 2653 1973 2715 praeci,-

299 2736 432 2780 puum
447 2739 500 2768 ex
519 2720 938 2769 Porcellanislucrum
954 2757 966 2779 ,
986 2739 1079 2785 quae
1099 2720 1304 2768 immensa
1324 2721 1394 2768 hic
1408 2721 1531 2784 copia
1545 2732 1754 2784 parantur.
1786 2721 1971 2768 Gratum

299 2789 468 2853 Legatis
478 2789 759 2854 speciaculum
770 2789 912 2836 videre
924 2790 1102 2838 artifices
1114 2828 1127 2849 ‚
1151 2793 1196 2838 &
1209 2807 1303 2837 raro
1315 2787 1563 2854 operefifflli
1587 2789 1629 2834 in
1653 2787 1839 2835 reditum
1849 2787 1971 2837 suum

299 2872 446 2920 parato
457 2859 598 2906 instrui
614 2894 626 2913 ,
648 2860 717 2907 sed
729 2873 870 2906 tantus
880 2858 938 2905 ibi
953 2859 1178 2906 hominum
1192 2858 1413 2906 concursus
1423 2894 1435 2916 ,
1454 2871 1502 2904 ut
1513 2857 1630 2904 aditu
1641 2857 1819 2904 cadurca
1832 2857 1972 2906 exclu—

299 2924 499 2972 derentur
511 2963 522 2984 ,
542 2931 587 2976 8<
605 2930 794 2976 officinas
810 2927 976 2995 ingredi
990 2943 1137 2994 praeter
1146 2929 1397 2995 dignitatem
1409 2925 1553 2974 visum.

366 2994 580 3043 Referunt
599 2997 747 3044 incolae
772 2997 816 3044 id
838 3035 852 3056 ‚
871 2998 991 3062 quod
1014 2999 1169 3045 mirum
1193 2995 1317 3044 nobis
1336 2996 1485 3043 auditu
1507 2996 1589 3044 fuit
1611 3032 1624 3053 ‚
1660 2996 1872 3042 Porceffana
1892 3008 1968 3042 toto

109 3070 266 3101 conficitur
293 3079 399 3129 regno
416 3068 585 3128 mtfpt'am
602 3068 726 3114 melius
738 3102 750 3126 ‚
771 3084 879 3130 quam
890 3070 926 3113 in
937 3068 1197 3132 quodampago
1212 3062 1560 3128 Sinkteslmofieri
1569 3098 1583 3120 ,
1604 3063 1969 3131 quadr-irgen‘tosftre

110 3110 138 3141 ln
148 3112 276 3153 Sinktafi-

107 3164 157 3184 mo.

1849 3147 1967 3180 ortum
