2114 3412
346 133 443 181 172
723 110 863 167 Pars
881 122 1053 188 quarta
1072 103 1354 188 Legationis
1374 105 1637 165 fBatavicae

342 218 388 262 iis
398 214 437 261 se
448 211 713 259 committere
724 206 740 268 ,¹
752 225 808 255 ne
824 211 887 255 M
880 208 998 273 oſjBne
1018 206 1151 255 flante
1161 208 1439 257 anniversario
1450 208 1509 255 ibi
1523 208 1722 273 hyemare
1733 207 1880 275 procul
1894 208 2010 271 Kan-

161 280 308 353 clssiffiis
344 282 428 331 tomi
435 292 701 348 cogerentur.
737 281 806 325 Ac
815 295 869 325 ne
879 291 1024 325 nautas
1034 279 1143 325 inter
1155 279 1200 326 8(
1212 279 1490 327 Mandarinos
1502 277 1548 325 lis
1556 280 1733 326 oriretur
1749 318 1761 338 ‚
1774 281 1922 344 Legati
1935 297 2010 326 ne-

162 371 251 393 naves
266 371 309 391 re·
346 369 429 417 que
442 351 505 398 his
515 366 655 414 neque
667 346 743 394 illis
755 346 932 395 navibus
942 346 1171 394 utebantur
1180 382 1194 402 ,
1213 346 1284 394 sed
1297 347 1570 396 accelerando
1588 349 1727 395 itineri
1741 385 1753 407 ‚
1779 365 1922 412 parvas
1933 347 2012 396 sca-

162 411 263 436 nuum.
347 421 449 485 phas
468 418 782 465 conduxerunt.
805 419 867 464 Ita
888 416 1088 464 omnibus
1099 416 1309 483 expeditis
1319 435 1403 465 una
1415 435 1512 464 cum
1524 419 1709 464 Tartaris
1721 416 2014 484 Magnatibus,

347 507 454 555 quos
474 487 738 535 authoritatis
759 504 862 551 ergo
883 489 1122 551 Imperator
1138 486 1261 532 nobis
1274 489 1452 534 comites
1466 486 1741 550 adjunxerat,
1763 489 1808 534 &
1823 487 2009 535 Manda-

345 560 442 606 rinis
454 555 767 604 Katonensibus
789 555 1051 619 Sarfianwyea
1071 553 1320 603 discessimus
1329 592 1341 614 ,
1360 555 1546 604 secundo
1557 557 1694 603 fluvio
1707 560 1802 603 Guei
1816 558 2013 622 navigan--

346 643 428 686 tes,
448 629 494 674 8(
517 624 648 673 multa
668 627 757 690 jam
778 624 904 672 no&e
927 642 1064 690 prope
1084 626 1289 691 exiguum
1302 642 1459 692 pagum
1469 625 1818 690 pernostavimus
1847 627 2014 672 Pinxen-

346 711 427 743 tous
448 696 708 758 Sanfianweya
729 694 854 741 nobis
871 694 1074 742 valed-ixit
1085 732 1099 754 ‚
1119 692 1296 742 terrestri
1316 696 1467 742 itinere
1482 697 1700 760 Lincingam
1713 730 1726 754 ‚
1745 693 1819 741 ubi
1835 711 1944 742 uxor
1967 697 2013 743 8(

347 765 468 813 liberi
479 763 567 826 ejus
580 803 593 823 ‚
617 763 891 812 contendens

418 836 467 880 In
492 835 574 882 hoc
599 834 763 899 Pekinga
788 833 1036 880 Kantonam
1059 832 1200 880 reditu
1225 832 1399 892 eadem,
1420 850 1503 897 qua
1519 834 1632 898 prius
1643 834 1711 880 via
1734 831 2014 881 multasurbes

351 906 397 952 8(
415 919 551 971 pagos
560 901 970 969 praetervehebamur
982 935 995 955 ,
1018 919 1120 967 quas
1137 901 1241 949 olim
1253 901 1580 950 visitaveramus:
1605 920 1746 967 neque
1754 903 1899 949 omnia
1908 901 2016 960 loca,

349 992 443 1038 quae
466 972 705 1038 appulimus
726 1010 739 1030 ,
776 970 846 1018 sed
871 973 1040 1036 potiora
1057 985 1223 1019 tantum
1245 971 1554 1020 annotabimus.
1599 970 1814 1039 Vigesima
1833 970 2014 1020 secunda

350 1042 514 1090 OE'tob.
534 1042 697 1107 Singlam
712 1079 723 1098 ‚
739 1041 935 1105 proxima
951 1040 1136 1089 Sinkocien
1159 1042 1359 1089 venimus.
1396 1039 1610 1108 Vigesima
1631 1042 1781 1106 quinta
1805 1040 2017 1106 Tonqn.tm,

348 1109 549 1179 vigesima
566 1110 678 1158 sexta
700 1109 832 1157 Tadm
844 1147 856 1169 ‚
875 1111 994 1174 cujus
1004 1112 1283 1159 Mandarinus
1297 1110 1338 1158 se
1351 1109 1605 1158 subduxerat
1617 1144 1630 1164 ‚
1651 1110 1770 1175 quod
1781 1126 1917 1157 novos
1926 1110 2016 1159 hel-

348 1183 508 1245 cyarios
525 1197 750 1246 procurare
770 1196 859 1226 non
881 1178 1015 1245 posset
1037 1198 1046 1224 t
1067 1180 1124 1227 ita
1137 1194 1183 1227 ut
1194 1178 1351 1245 absque
1363 1178 1634 1228 illissecundo
1650 1180 1829 1227 flumine
1841 1179 2015 1228 delabe-

347 1267 502 1298 remur.
538 1247 775 1315 Trigesima
795 1250 929 1314 prima
947 1252 1138 1313 Lincingae
1157 1251 1180 1298 a
1192 1251 1420 1308 meemo,
1438 1251 1680 1298 humaniter
1689 1251 1860 1313 excepti
1874 1251 1919 1296 8(
1931 1267 2016 1298 ma-

348 1319 506 1387 gnifice
526 1319 688 1366 tra&ati
706 1316 884 1377 fuimus,
903 1336 979 1383 per
999 1318 1188 1365 triduum
1206 1320 1249 1366 in
1263 1320 1438 1385 gratiam
1449 1318 1559 1381 ejus,
1586 1320 1785 1367 &uxoris
1794 1317 2020 1367 cumlacri—

349 1391 426 1435 mis
437 1387 681 1436 obtestantis
693 1421 706 1442 ,
730 1387 789 1435 ibi
802 1388 1022 1435 haerentes:
1036 1401 1127 1434 tum
1139 1387 1325 1435 secundo
1336 1403 1466 1436 vento
1476 1388 1638 1436 Boreali
1652 1389 1763 1436 adeo
1776 1389 1936 1455 frigido
1948 1426 1960 1448 ,
1970 1403 2019 1437 ut

346 1459 515 1505 citernae
525 1454 688 1504 navales
699 1455 1076 1523 conglaciarent‚&
1091 1455 1234 1504 storeis
1241 1456 1401 1505 brachii
1411 1458 1585 1506 crassitie
1601 1457 1916 1524 propendentes
1926 1472 2019 1506 tota

347 1527 418 1574 die
441 1525 544 1574 striae
564 1527 856 1592 dependerent
877 1545 887 1572 ε
919 1526 1039 1591 quod
1058 1527 1188 1594 frigus
1207 1525 1430 1574 molestum
1452 1526 1577 1576 nobis
1597 1529 1702 1574 intra
1722 1526 1913 1593 angustas
1937 1527 2018 1575 sca-

346 1597 472 1661 phaS,
495 1599 540 1644 8(
562 1596 763 1644 ὴειᾶεηυε
785 1594 904 1642 molli
923 1597 1006 1643 aeti
1018 1595 1178 1645 assuetis
1188 1595 1283 1645 fuit.
1321 1600 1435 1644 Inter
1447 1597 1773 1663 provehendum
1785 1595 1934 1645 obvias
1945 1598 2018 1645 ha-

347 1666 519 1713 buimus
534 1665 684 1713 multas
703 1681 802 1713 cum
825 1664 1071 1713 hominibus
1081 1665 1302 1731 splendide
1312 1666 1489 1726 vestitiS,
1511 1670 1556 1715 8(
1579 1680 1706 1714 cantu
1718 1664 2017 1714 acMusicisin-

347 1734 582 1783 strumentis
593 1753 790 1802 magnam
802 1734 1052 1782 hilaritatem
1064 1735 1386 1791 ostentantibUS,
1395 1735 1561 1802 scaphas
1572 1758 1585 1795 3
1598 1737 1672 1802 qui
1687 1735 1876 1803 Pagodas
1885 1739 1930 1785 8(
1941 1753 2019 1802 pu-

351 1803 478 1852 blicas
490 1807 573 1852 vias
583 1804 777 1853 refefiuri
787 1841 798 1863 ³
818 1803 1032 1870 copiosam
1044 1806 1087 1852 in
1100 1821 1200 1853 eum
1212 1806 1343 1853 finem
1354 1808 1579 1870 pecuniam
1587 1803 1858 1870 collegerant.

418 1876 591 1928 Qiinto
611 1873 872 1921 Novembris
901 1872 1080 1920 molesto
1104 1877 1253 1923 itinere
1276 1877 1322 1922 8(
1342 1874 1500 1941 frigore
1519 1912 1531 1935 ‚
1568 1873 1761 1921 Tuncham
1778 1909 1791 1931 ,
1819 1875 2016 1938 proxima

349 1943 528 2009 intfin
540 1942 778 2007 appulimus
788 1978 801 2001 ,
823 1942 897 1989 ubi
908 1942 1189 1990 Mandarinus
1200 1960 1376 2008 quoque
1387 1943 1617 1991 absentiam
1631 1941 1872 2001 simulabat,
1891 1943 2014 2007 quod

348 2009 578 2074 helcyarios
587 2027 808 2076 procurare
822 2028 911 2057 non
928 2011 1076 2075 posset.
1106 2015 1332 2077 Legati‚ut
1341 2012 1658 2078 expedirentur,
1667 2028 1773 2076 quos
1784 2013 1827 2057 in
1840 2010 2016 2076 publico

349 2079 730 2144 deprehendebant
738 2113 752 2134 ‚
771 2081 1059 2147 angarizantes
1070 2117 1082 2140 ,
1100 2080 1376 2146 abripiebant.
1413 2079 1676 2129 Sacrificulus
1686 2079 1859 2145 quidam
1870 2117 1883 2139 ,
1899 2080 2018 2144 cujus

349 2147 485 2196 servus
497 2164 614 2214 quoq
622 2167 674 2196 ue
688 2150 795 2197 inter
806 2148 974 2196 coafios
986 2164 1073 2197 erat
1085 2186 1097 2209 ,
1115 2152 1158 2197 in
1170 2167 1307 2215 genua
1320 2150 1544 2216 prostratus
1554 2168 1707 2217 magna
1718 2151 1847 2196 animi
1855 2165 2017 2215 pertur-

348 2217 525 2265 batione
539 2217 827 2266 exclamabat:
858 2221 948 2286 Q
966 2218 1041 2265 haec
1060 2223 1116 2266 eff
1137 2223 1301 2282 impietas
1311 2254 1326 2274 ,
1345 2220 1443 2285 quod
1455 2238 1499 2267 ne
1504 2220 1699 2282 flicrorum
1712 2218 1855 2283 quidem
1867 2220 2018 2286 ministri

349 2286 373 2332 ἂ
387 2289 453 2334 tali
473 2288 593 2334 labore
607 2285 859 2348 excusantur?
895 2289 1046 2352 Legati
1058 2287 1342 2336 reclamabant
1361 2308 1371 2334 ε
1412 2289 1620 2355 Negotium
1635 2290 1874 2351 Imperatoris
1895 2286 2017 2338 servi-

350 2358 414 2403 tio
434 2357 585 2405 Diaboli
598 2356 867 2421 praeft’rendnm
889 2358 935 2404 8(
953 2356 1062 2417 servo
1085 2359 1162 2423 ejus
1181 2359 1379 2405 mercedem
1401 2361 1608 2423 vifflumqne
1624 2371 1692 2421 pro
1711 2355 1827 2404 labore
1847 2361 2015 2422 desiluere.

350 2428 413 2472 Ita
428 2425 628 2472 Sacerdos
639 2427 825 2490 pacatior
833 2428 1058 2490 acquievit.

419 2493 592 2542 Odiavo
609 2493 869 2541 Novembris
889 2497 1036 2560 Cinning
1052 2530 1064 2553 ,
1096 2494 1264 2544 decima
1295 2497 1418 2544 tertia
1447 2496 1678 2559 Tatq'iencien
1699 2493 2015 2559 conspeximus.

348 2562 456 2611 Inde
469 2565 636 2610 Croceum
659 2563 822 2610 flumen
841 2563 1007 2612 inveffi.
2058 2572 2061 2573 ’

419 2634 604 2680 Decima
616 2632 791 2699 septima
802 2631 951 2679 urbem
965 2631 1144 2696 Jamcefic
1159 2632 1399 2700 appulimus
1410 2669 1423 2692 ‚
1441 2632 1515 2681 ubi
1525 2631 1650 2680 frater
1661 2633 1852 2700 Proregis
1862 2632 2014 2694 Karna»

350 2703 467 2767 nensis
478 2703 654 2764 junioris
664 2701 1056 2768 nothus,splendide
1069 2719 1145 2750 nos
1154 2705 1339 2769 excepit:
1351 2704 1420 2750 cui
1432 2701 1655 2768 postquam
1667 2700 2017 2761 valedixeramus‚

349 2769 549 2836 vigesima
569 2771 832 2820 Novembris
849 2787 1052 2840 magnum
1073 2772 1235 2820 flumen
1255 2776 1412 2838 Ktmg,
1431 2771 1556 2819 altera
1582 2771 1652 2817 die
1681 2771 1932 2837 Nankingum
1943 2790 2014 2820 ve-

348 2840 502 2886 nimus.
545 2843 627 2889 Hic
650 2841 807 2888 eodem
832 2855 949 2889 extra
961 2855 1129 2907 portam
1147 2844 1447 2907 aquariam7ut
1465 2854 1561 2888 ante
1582 2876 1595 2899 ,
1617 2839 1716 2886 loco
1738 2838 2013 2895 subsistenteS,

347 2908 467 2969 quod
478 2909 500 2954 a
515 2909 715 2957 Praesenfiffi
725 2911 777 2958 ad
788 2912 866 2958 iter
873 2911 1169 2970 accin&0,tam
1180 2909 1381 2968 celeriter,
1389 2923 1437 2957 ut
1446 2909 1620 2974 quidem
1632 2908 2013 2974 optabamusmova

347 2977 515 3040 navigia
532 2980 756 3043 impetrare
768 2997 856 3027 non
866 2982 1084 3045 potuimus
1097 2999 1107 3026 ε
1130 2979 1246 3027 unde
1256 2977 1419 3026 occasio
1430 2977 1552 3026 nobis
1562 2979 1658 3026 data
1668 2977 1818 3026 urbem
1829 2978 2014 3026 exaffius

346 3040 542 3092 lustrandi
555 3049 600 3095 8(
611 3047 818 3098 molestias
833 3050 991 3098 itineris
999 3052 1042 3097 in
1053 3048 1335 3099 amoeniffimo
1347 3050 1454 3096 Sinae
1465 3046 1563 3096 loco
1577 3046 1830 3113 depellendi.
1850 3051 1950 3114 Ego
1961 3065 2010 3094 ea

1815 3133 2010 3164 commo-
