2114 3412
341 153 408 214 acl
417 156 731 239 Magnum
748 151 1007 215 Tartariae
1027 157 1071 214 S
1073 159 1247 238 inaeque
1265 152 1524 233 [hamum.
1672 177 1694 216 Ι
1703 177 1772 223 79

170 264 392 318 Qoniam
414 279 518 309 vero
540 262 692 328 Legati
713 258 806 326 ipsis
824 259 1093 308 suadentibus
1115 261 1367 329 Protegibus
1379 298 1392 320 ,
1409 280 1582 310 munera
1602 280 1694 328 quae
1717 266 1763 310 iis

101 331 302 380 destinata
314 345 431 379 erant
441 367 453 389 ‚
470 331 672 397 Pekingum
684 329 822 377 secum
831 328 1056 377 sumserant
1069 367 1080 389 ,
1091 330 1238 395 ibique
1249 333 1393 378 omnia
1411 330 1573 399 elargiti
1585 332 1765 393 fuerant,

101 414 150 448 ut
160 420 268 468 aegre
278 401 440 449 donum
462 401 563 446 novi
582 400 682 447 anni
706 401 910 465 exiguum
920 398 1164 464 superesset,
1187 402 1385 464 Proreges
1404 401 1447 447 hi
1469 403 1612 448 animo
1622 420 1764 468 coepe—

101 484 199 518 runt
211 471 291 518 effe
300 469 534 518 admodum
547 467 708 516 infenso
719 504 731 526 ,
752 486 799 516 ac
809 485 899 515 non
910 482 1075 516 tantum
1086 467 1225 516 foenus
1237 468 1352 515 mille
1362 469 1767 535 quadringentarum

102 539 336 604 Teylarum
354 540 539 607 Argenti
557 539 580 585 :i
600 537 791 584 ministris
814 538 1032 585 Societatis
1051 537 1102 584 ad
1122 539 1200 585 iter
1221 538 1452 601 Pekingensc,
1466 542 1511 586 ἃ
1529 558 1606 604 pro
1621 544 1767 588 merci-

101 610 254 656 moniis
272 622 424 656 mutuo
435 609 613 672 acceptis
628 644 640 667 ‚
658 624 804 654 verum
815 609 943 655 etiam
958 608 1129 673 triginta
1138 608 1331 672 quinque
1343 606 1487 654 Teilas
1503 609 1767 673 Protegibus,

100 691 200 726 ante
222 677 505 744 profeffivum
525 676 727 742 Pekingam
757 693 838 741 pro
866 674 996 723 libera
1017 677 1256 739 Kantanenfi
1282 692 1515 724 mercatura
1542 678 1768 742 promissas‚

100 749 292 813 quamvis
312 744 416 793 nihil
440 744 733 812 praestitissent,
755 743 998 810 poscebant.
1033 749 1092 793 Et
1110 758 1329 810 utcunque
1349 748 1501 812 Legati
1511 747 1769 812 refragaren—

98 831 188 871 tur,
207 833 283 880 per
293 817 380 864 vim
391 829 534 863 tamen
545 813 659 862 mille
670 815 995 882 quadringentas
1004 812 1144 861 Teilas
1153 814 1426 862 detinuerunt
1436 848 1450 869 ,
1461 832 1562 881 quas
1572 833 1651 880 pro
1662 833 1768 864 mer-

99 885 218 933 cibus
228 885 430 933 Societati
442 883 673 932 debebant.
707 883 936 931 Immiscuit
955 882 994 932 se
1005 900 1182 949 quoque
1201 882 1331 930 civilis
1342 882 1534 944 Kantonae
1550 885 1768 952 Magistra-

100 969 228 1016 tus,ac
239 952 548 1019 impedimento
558 953 743 1015 fuit,quo
754 955 890 1000 minus
901 955 1051 1019 Legati
1062 953 1175 1018 apud
1190 955 1389 1018 Proreges
1396 969 1766 1019 conquererentur.

171 1026 377 1089 Cumque
390 1021 554 1070 decima
564 1022 712 1071 ofiiava
723 1020 954 1077 Februarii,
962 1024 1114 1089 Legati
1125 1022 1358 1084 franciscum
1371 1024 1579 1085 Lamssnan
1591 1025 1636 1071 8<
1650 1027 1712 1073 H
1709 1042 1768 1070 em

100 1094 214 1141 ricum
224 1093 350 1140 OEaron
366 1093 410 1138 in
420 1093 624 1142 Palankina
634 1092 690 1139 ad
703 1093 918 1139 Vicarium
934 1091 1112 1154 junioris
1134 1092 1323 1156 Protegis
1341 1089 1596 1158 ablegass'ent
1609 1129 1621 1151 ,
1638 1093 1681 1139 in
1700 1095 1765 1141 via

99 1161 321 1228 aquodam
332 1161 592 1209 Mandarino
609 1158 781 1226 ejusque
805 1159 955 1208 asseclis
973 1158 1282 1207 contumeliose
1301 1159 1480 1207 domum
1499 1159 1652 1226 repulsi
1677 1159 1768 1209 fue-

99 1246 212 1289 runt,
223 1248 312 1278 non
324 1229 402 1279 alia
412 1229 546 1289 causa,
556 1247 684 1295 quam
694 1229 813 1296 quod
825 1229 946 1277 nullis
957 1228 1200 1276 muneribus
1210 1246 1308 1275 eum
1321 1230 1471 1293 Legati
1484 1229 1722 1278 affecissent.

168 1304 229 1349 Et
237 1299 592 1366 quandoquidem
602 1301 885 1365 Interpretum
905 1297 1144 1347 nostrorum
1164 1299 1417 1364 praecipuuS‚
1434 1299 1573 1345 Paulus
1585 1303 1764 1359 Durette,

97 1386 228 1437 quem
248 1372 453 1436 Proreges
471 1367 724 1433 Kantoneaefis
743 1370 914 1435 Legatis
923 1366 1230 1430 adjunxerant,
1251 1370 1297 1415 8<
1319 1368 1392 1431 qui
1405 1366 1575 1414 fidelem
1585 1385 1762 1432 operam

98 1438 341 1504 praestiterat
351 1478 366 1499 ‚
390 1441 433 1485 in
455 1440 626 1504 propria
646 1451 755 1485 trans
774 1438 953 1485 fluvium
977 1437 1112 1484 domo
1133 1434 1417 1483 miserabiliter
1427 1436 1654 1484 trucidatus
1665 1436 1761 1497 fuit,

99 1509 253 1576 Legati
272 1507 348 1554 hac
368 1505 538 1571 aliisque
548 1507 604 1555 de
613 1505 759 1566 causiS‚
780 1505 929 1570 majori
944 1504 1058 1553 malo
1078 1505 1280 1554 evitando
1292 1541 1304 1564 ,
1314 1507 1628 1571 quamprimum
1638 1508 1758 1554 Bata-

98 1579 211 1626 viam
226 1577 360 1625 redire
372 1575 692 1624 constituerunt.

171 1645 381 1711 Vigefima
393 1647 527 1711 prima
538 1644 752 1693 Februarii
762 1644 1011 1712 Proregibus
1022 1644 1336 1695 valedixerunt:
1362 1645 1446 1693 Sed
1458 1646 1643 1693 neutrius
1655 1643 1757 1692 allo-
1779 1648 1885 1719 {aggai
1896 1657 1944 1677 va*

101 1716 265 1780 quendi
276 1716 400 1780 copia
412 1715 521 1762 data.
560 1716 709 1762 Senior
719 1715 913 1763 dentium
923 1714 1072 1762 dolore
1081 1718 1125 1763 8<
1137 1714 1327 1762 catarrho
1335 1713 1373 1761 se
1385 1714 1633 1773 excusabat,
1645 1715 1761 1763 unde
1781 1697 1918 1772 1313&

101 1783 157 1831 ad
176 1782 442 1848 loquendum
461 1782 656 1831 inhabilis
673 1784 786 1832 esset.
814 1785 972 1831 Gratiis
987 1786 1114 1850 igitur
1124 1785 1292 1849 Legatis
1309 1802 1384 1848 per
1404 1783 1618 1849 quendam
1639 1783 1761 1832 nobi·
1776 1771 1932 1855 ,ξζξέᾗῗζῇζ

102 1850 188 1899 lem
199 1853 296 1901 aitis
306 1851 486 1901 faustum
498 1854 577 1900 iter
588 1853 905 1918 apprecabatur.
921 1852 1075 1919 Junior
1083 1853 1123 1901 se
1133 1853 1193 1900 ob
1204 1854 1404 1900 convivio
1415 1867 1616 1918 exceptos
1625 1852 1713 1900 hos
1702 1855 1764 1917 pi-

102 1936 163 1970 tes
173 1920 282 1970 male
289 1921 447 1971 habere
456 1921 685 1969 nunciabat
693 1958 705 1982 ,
715 1939 763 1970 ac
771 1941 825 1970 ne
833 1921 915 1970 ulla
928 1924 1145 1970 Tartarica
1153 1939 1265 1970 arma
1275 1921 1413 1969 secum
1425 1922 1636 1969 auferrent
1643 1958 1656 1981 ,
1673 1940 1764 1969 mo-

103 1990 246 2039 nebat.
280 1994 330 2039 In
339 1993 468 2046 atriO,
488 1990 562 2038 ubi
583 2005 692 2056 potu
713 1990 799 2038 The
818 1993 969 2058 Legati
998 1991 1053 2038 ab
1068 1989 1204 2038 aulico
1224 1990 1411 2055 quodam
1430 1990 1767 2055 excipiebantur,

102 2058 222 2115 sellae,
233 2058 383 2108 mensae
394 2060 441 2107 8<
452 2059 617 2108 scamna
627 2062 771 2107 omnia
782 2059 1009 2108 disturbata
1017 2058 1216 2121 jacebant
1235 2079 1245 2105 ε
1268 2075 1519 2127 argumento
1540 2058 1689 2107 Bacchi
1709 2060 1767 2108 sa-

102 2147 171 2177 cra
179 2129 385 2177 celebrata
394 2130 522 2177 fuisse.
558 2127 752 2195 Plerique
770 2131 912 2189 etiam,
920 2131 994 2194 qui
1006 2131 1190 2195 Legatos
1200 2128 1485 2194 excipiebant,
1495 2129 1632 2176 adhuc
1647 2128 1764 2175 semi-

105 2200 199 2265 poti
219 2201 264 2246 8<
284 2197 514 2246 titubantes
527 2197 792 2246 videbantur.
825 2200 976 2265 Legati
988 2215 1137 2263 parum
1148 2199 1210 2246 his
1231 2196 1533 2244 visitationibus
1543 2197 1765 2262 profician-

105 2281 167 2316 tes
179 2305 192 2325 ‚
211 2287 261 2316 ea
278 2266 418 2315 adhuc
438 2266 607 2332 vespera
638 2266 724 2314 sera
743 2268 885 2314 navim
904 2265 1240 2313 conscenderunt
1253 2302 1266 2324 ,
1283 2264 1408 2312 altera
1426 2266 1498 2312 die
1520 2267 1652 2329 prima
1669 2263 1763 2312 luce

107 2335 324 2385 discessuri.
361 2336 445 2383 Sed
462 2353 559 2385 cum
579 2349 729 2382 ventus
745 2352 850 2382 mox
866 2332 1098 2388 remififfet,
1117 2336 1279 2382 ancoris
1291 2334 1342 2381 ad
1354 2335 1531 2399 primam
1550 2334 1763 2398 &Kanconqz

109 2408 255 2454 turrim
260 2405 392 2470 jaffiS,
403 2408 447 2453 8<
459 2404 584 2452 nodie
594 2401 896 2451 subsistendum
907 2403 999 2452 fuit.

159 2473 373 2543 Vigefima
384 2476 502 2521 tertia
512 2472 702 2539 Magistri
714 2471 900 2520 aularum
913 2475 959 2520 8<
971 2471 1154 2521 Praefeffl
1164 2471 1438 2538 militum,qui
1449 2471 1677 2538 hospitium
1690 2490 1765 2518 no-

108 2542 234 2591 strum
247 2543 529 2591 custodierant
542 2581 555 2602 ,
574 2560 672 2589 cum
684 2541 946 2589 Mandarinis
955 2543 1028 2589 viae
1037 2542 1263 2589 comitibus
1274 2545 1457 2608 Legatos
1467 2544 1508 2588 in
1521 2543 1615 2589 navi
1628 2540 1765 2588 nostra

110 2615 341 2679 Proregum
351 2614 542 2666 nomine,
552 2611 651 2658 forti
663 2624 772 2677 potu
787 2609 965 2674 Sampfim
976 2610 1150 2658 tradiaru
1156 2625 1202 2659 nt
1211 2647 1223 2670 ,
1233 2611 1479 2677 prosperum
1488 2611 1564 2657 iter
1575 2612 1620 2657 8<
1634 2624 1767 2657 matu-

110 2698 197 2728 ram
210 2681 464 2728 reditionem
474 2681 579 2746 saepe
587 2679 970 2746 apprecantes.Post
979 2678 1388 2747 salutemProregum
1399 2678 1663 2742 aliorumque
1672 2681 1768 2726 Ma-

113 2762 287 2815 gnatum
297 2751 406 2797 inter
416 2748 612 2798 tubarum
623 2753 668 2798 8<
679 2763 991 2797 tormentorum
1001 2748 1189 2813 strepitus
1198 2787 1212 2808 ,
1224 2748 1411 2806 libatam,
1420 2745 1546 2794 salute
1556 2746 1681 2801 dista,
1690 2746 1768 2795 dis-

110 2817 314 2865 cesserunt
325 2839 338 2876 3
357 2816 477 2866 bidui
488 2818 628 2867 adhuc
638 2836 799 2866 moram
811 2819 986 2865 nomine
1000 2820 1230 2884 Proregum
1243 2816 1533 2864 humanissime
1542 2814 1766 2882 indulgen-

113 2899 186 2933 tes,
206 2885 290 2933 Sed
301 2903 377 2932 nos
385 2886 520 2934 statim
536 2886 634 2934 velis
653 2885 844 2954 expansis
854 2884 1050 2952 vigesima
1066 2886 1214 2935 o&ava
1235 2884 1331 2934 Sole
1345 2884 1565 2932 occidente
1581 2885 1624 2931 in
1639 2899 1765 2950 portu

114 2957 180 3003 H
178 2968 337 3017 eytamon
357 2971 524 3002 ancoras
528 2957 715 3019 jecimus.
752 2957 904 3024 Legati
924 2953 1121 3002 Praefefiw
1133 2952 1335 3002 vexillum
1349 2954 1548 3019 Principis
1558 2953 1766 3007 miserant,

110 3022 231 3087 quod
238 3021 372 3069 statim
379 3022 767 3084 juxtaTartaricum
777 3026 832 3074 de
844 3025 968 3073 muris
975 3021 1146 3071 Castelli
1155 3022 1327 3083 suffixit,
1335 3037 1586 3090 argumento
1597 3036 1766 3090 gratum

112 3090 190 3139 fibi
198 3092 609 3156 munus&acceptos
617 3093 855 3144 Hollandos
865 3093 956 3143 effe.
1054 3160 1096 3207 Z
1632 3161 1664 3204 P
1686 3158 1693 3167 ,

1137 3178 1162 3208 2
1666 3174 1768 3205 mma
