2114 3412
85 1494 236 1544 liarum
246 1530 259 1555 ,
278 1509 366 1561 quo
377 1493 551 1550 volunt,
569 1494 868 1562 transportant.
902 1495 994 1545 Ubi
1016 1491 1228 1544 subfistere
1239 1496 1592 1545 commerciorum
1606 1497 1758 1547 utilitas

85 1565 254 1620 suadet,
272 1563 375 1630 palis
391 1578 506 1612 terrae
520 1564 708 1631 impactis
725 1577 944 1613 natantem
956 1583 1128 1634 pagum,
1138 1565 1252 1613 velut
1259 1564 1370 1627 jacta
1386 1583 1537 1614 ancora
1549 1565 1754 1636 ‚alligant

88 1634 225 1690 de
248 1636 466 1700 Europaeis
482 1633 726 1682 inusitatum
749 1633 1017 1701 invisumque
1037 1637 1243 1683 memoria
1264 1635 1444 1704 dignum
1463 1634 1751 1696 judicavimus,

86 1707 247 1769 Neque
263 1702 398 1751 solum
419 1702 569 1751 talibus
585 1704 824 1752 inhabitant
833 1707 951 1772 pagis
961 1704 1203 1752 natantibus
1215 1706 1321 1752 Sinae
1335 1728 1348 1765 3
1369 1722 1516 1752 verum
1527 1703 1658 1773 longe
1670 1725 1756 1755 ma-

81 1772 154 1837 jor
165 1791 364 1821 numerus
384 1784 548 1821 aetatem
568 1777 781 1840 perpetim
795 1776 839 1821 in
860 1772 955 1840 ipsis
977 1774 1153 1822 navibus
1166 1774 1307 1841 degit,
1327 1774 1402 1821 ubi
1421 1791 1520 1822 cum
1539 1774 1694 1824 familia
1707 1779 1753 1824 &

87 1860 258 1909 pecore,
267 1845 597 1910 quingentarum
609 1843 716 1909 saepe
724 1842 992 1910 Jonckarum
1003 1861 1087 1891 una
1096 1841 1213 1909 quafi
1222 1843 1421 1891 iocietate
1431 1846 1534 1891 inita
1545 1880 1558 1902 ,
1567 1847 1646 1891 civi
1653 1859 1756 1893 tates

86 1914 337 1967 maritimas,
354 1911 426 1959 sed
446 1914 544 1960 hinc
563 1912 665 1960 inde
686 1914 930 1981 divagantes
946 1913 1251 1979 repraesentant.
1288 1913 1667 1970 Dixeris,ubive1a
1681 1932 1752 1963 ex=

86 1982 282 2048 pandunt
293 1980 360 2029 vel
371 1999 508 2029 remos
520 1983 637 2046 aquis
646 1982 699 2029 ad
712 1983 1011 2048 migrationem
1022 1984 1273 2041 immittunt,
1283 1996 1355 2029 aut
1366 1981 1569 2030 traffione
1581 2001 1754 2049 promo⁶

89 2065 242 2099 ventur
252 2087 264 2110 ,
284 2053 464 2116 integras
483 2050 689 2099 transferri
700 2053 890 2099 civitates
899 2087 912 2111 ‚
929 2069 977 2099 ac
986 2050 1133 2119 fugere
1144 2065 1284 2098 terras.
1324 2054 1537 2117 Praecipua
1548 2054 1595 2099 iis
1608 2071 1758 2119 porca

90 2139 184 2169 rum
196 2138 307 2168 cura.
336 2122 428 2169 Ubi
437 2118 578 2167 locum
589 2119 1078 2186 appulerunt,mens1bus
1089 2120 1253 2186 aliquo-t
1264 2120 1477 2187 persistere
1488 2120 1594 2169 soliti
1610 2157 1622 2180 ,
1640 2140 1759 2170 com-

90 2208 266 2240 munem
286 2192 396 2237 inter
412 2189 476 2247 se,
492 2207 739 2255 quanquam
756 2189 923 2238 diverfis
941 2192 1024 2238 orti
1046 2189 1292 2258 regionibus
1313 2227 1326 2250 ,
1353 2190 1589 2255 linguarum
1613 2227 1627 2247 ,
1648 2191 1760 2239 sensa

90 2261 222 2308 animi
234 2258 902 2324 exprimendi,comminiscuntur
912 2261 1121 2306 rationem
1133 2295 1145 2317 ,
1163 2261 1319 2306 caeteris
1339 2258 1487 2306 accolis
1502 2276 1589 2306 non
1599 2259 1760 2307 intelle-

91 2330 216 2384 ctam,
226 2328 281 2375 de
293 2346 377 2393 qua
386 2327 506 2375 latius
514 2329 557 2374 in
568 2341 686 2392 parte
696 2327 844 2375 ultima
856 2330 1104 2394 Legationis
1112 2330 1251 2392 capite
1262 2327 1451 2375 secundo
1461 2329 1610 2394 agitur.

162 2397 292 2445 Haud
303 2397 377 2444 diu
385 2396 577 2463 proveffl
595 2396 723 2444 alium
745 2415 803 2445 ex
812 2399 986 2443 Croceo
1006 2396 1294 2443 Occidentem
1309 2396 1445 2445 versus
1454 2414 1530 2461 per
1540 2400 1756 2463 Xangtng
1776 2398 1913 2472 Rqavalifl

91 2467 381 2533 profluentem
398 2464 607 2514 Canalem
617 2467 804 2532 Regium
816 2467 991 2512 nominc
1000 2468 1083 2523 Jun
1101 2467 1142 2512 in
1148 2465 1456 2532 grediebamur.
1492 2468 1649 2513 Omnis
1662 2469 1758 2512 Pro·
1773 2452 1887 2524 ffiius

92 2538 243 2584 vinciae
252 2539 446 2602 Xantmgg
463 2534 633 2583 fortuna
652 2535 707 2582 ab
725 2534 808 2582 hoc
818 2532 951 2582 canali
962 2573 975 2594 ‚
989 2534 1171 2582 mediam
1182 2534 1348 2583 secante
1360 2569 1372 2592 ‚
1389 2535 1574 2601 pendet3
1594 2537 1757 2600 quippe

95 2604 197 2652 alius
207 2603 343 2652 nullus
353 2620 444 2652 tota
453 2607 550 2652 Sina
571 2606 770 2670 Pekingunz
788 2603 964 2652 navibus
972 2604 1094 2652 datur
1102 2603 1303 2652 transitus.
1336 2607 1511 2652 Initium
1521 2605 1611 2668 ejus
1622 2604 1757 2651 versus

96 2675 276 2721 Boream
297 2676 319 2722 a
332 2692 452 2722 nono
460 2675 628 2740 oppido
638 2678 761 2721 Socien
772 2709 783 2731 ,
800 2673 875 2721 ubi
893 2691 948 2721 ex
961 2675 1085 2721 Croceo
1102 2674 1283 2722 flumine
1292 2674 1503 2722 derivatus
1511 2672 1755 2740 navigabilis

100 2742 284 2790 humana
292 2743 489 2791 industria
500 2743 629 2792 faustus
640 2742 722 2791 fuit
737 2766 749 2802 3
762 2743 863 2791 inde
876 2743 1281 2809 Ciningamssinccjgam
1291 2742 1504 2809 porrectus
1514 2740 1650 2790 fluvio
1661 2745 1756 2793 Guez'

98 2812 300 2859 hauritur.
335 2818 393 2862 Et
410 2815 509 2879 quia
529 2831 647 2879 aquae
666 2813 812 2877 paffim
836 2814 973 2859 minus
985 2813 1207 2877 profundae
1224 2814 1386 2879 magnis
1407 2813 1582 2879 navigiis
1602 2811 1754 2859 susten-

97 2881 246 2939 tandiS,
255 2880 464 2946 sexaginta
475 2885 520 2931 &
531 2881 708 2948 amplius
723 2882 933 2930 cataractae
944 2880 1054 2928 Γεᾶο
1065 2880 1205 2946 lapide
1219 2879 1433 2930 firmissimi
1444 2882 1584 2947 operis
1595 2918 1606 2938 ,
1627 2899 1751 2948 aquas

96 2952 251 3015 pariter
264 2946 462 2998 attollunt
474 2953 519 3000 &
528 2951 775 3017 deprimunt
788 2990 801 3012 ‚
824 2965 952 3016 prout
964 2949 1090 2998 valvae
1102 2950 1270 2998 sublatae
1283 2985 1297 3006 ,
1318 2964 1392 2999 aut
1410 2951 1578 2998 remiffae
1588 2952 1750 2999 cursum

97 3036 300 3084 aquarum
316 3018 383 3069 vel
400 3019 679 3085 suspendunt,
697 3021 767 3070 vel
777 3020 932 3070 laxant.
967 3019 1178 3068 Nondum
1198 3021 1337 3068 media
1355 3021 1464 3068 inter
1485 3023 1668 3087 Ciningam
1684 3024 1750 3069 via

96 3104 152 3135 ex
161 3087 317 3154 palude
334 3091 432 3156 Cang
442 3090 604 3156 ingenti
613 3091 812 3141 cataracta
824 3109 942 3157 aquae
954 3087 1055 3153 ejus,
1063 3103 1270 3155 quantum
1277 3089 1489 3140 neceffitas
1498 3092 1634 3157 poscit
1645 3129 1656 3149 ‚
1679 3108 1752 3136 aua

1590 3174 1749 3225 gentur.
