2114 3412
380 63 446 122 ad
455 66 767 148 Magnum
784 61 1041 124 Tartariae
1057 67 1280 151 Sinaeque
1296 66 1552 147 [hamum.
1723 94 1780 148 85

116 171 245 236 spicui
259 170 351 216 ssint
362 203 375 223 ,
394 169 530 216 fluvio
543 171 648 217 Hom
659 168 915 216 territorium
928 170 1120 217 medium
1131 172 1415 224 intersecante.
1455 177 1715 226 Oeiodccim
1727 183 1786 227 ci-

116 243 264 287 vitates
284 237 581 304 compleffitur
592 273 603 294 ,
623 241 850 301 chgyawg,
862 239 1036 298 Linhoai,
1049 242 1494 309 Isslorzijiirett,sl*i1gp1›en,
1510 247 1626 305 (Ilm,
1640 251 1780 313 ngr,

115 313 226 368 Xeu,
239 312 298 356 H
299 311 410 367 ostien,
420 308 670 373 Mungching‚
690 311 752 365 Si,
771 310 834 354 H
832 311 938 366 intas,
949 307 1163 374 Tienclmng
1177 347 1191 368 ,
1215 312 1510 380 So,Ltgpi,Iug,
1522 314 1662 376 lesho,
1672 311 1781 378 Hah,

115 381 161 426 ὃς
182 383 346 444 Ingxan.
386 382 581 433 Quarum
593 378 812 441 praecipuae
822 375 916 424 sunt
924 381 991 431 Su,
1003 379 1036 424 S
1036 397 1071 436 0,
1084 380 1128 426 8<
1139 383 1168 425 I
1165 399 1225 445 ng.

183 451 210 494 S
221 465 249 493 U
260 465 282 492 c
292 465 318 492 n
332 466 355 492 E
369 464 397 493 υ
418 447 538 494 tertia
551 447 782 494 Provinciae
795 445 1067 511 Metropolis,
1077 465 1160 495 una
1172 468 1227 496 ex
1238 449 1425 510 urbibus,
1434 468 1533 516 quas
1545 456 1652 502 Sinae
1663 456 1776 504 orbis

112 517 330 578 Paradfizm
352 529 505 563 vocant
518 553 530 574 ,
549 517 590 561 in
612 514 782 580 placido
807 533 925 580 aquae
941 515 1138 581 potabilis
1149 518 1327 566 flumine
1337 520 1570 569 construSta
1582 523 1640 569 est
1652 561 1664 582 ,
1676 525 1779 574 sicut

110 586 225 650 apud
239 590 470 651 Europaeos
483 586 688 639 Venetiae,
701 586 775 632 tria
788 585 965 632 flumina
974 586 1078 644 Len,
1091 588 1197 652 Stmg
1208 624 1220 647 ,
1231 590 1276 636 8<
1296 591 1340 635 U
1338 588 1430 655 βακέ
1441 609 1516 655 per
1528 592 1705 641 modum
1722 594 1777 642 la-

110 672 183 702 cus
193 655 322 720 ipsam
335 655 529 702 ambiunt
541 653 690 700 urbem
701 687 714 707 ,
725 656 792 717 cuj
799 673 843 701 us
854 657 899 701 N
902 652 1169 718 otolybicum
1181 656 1290 704 lacus
1301 659 1375 706 Ta?
1385 661 1554 726 triginta
1566 660 1637 708 sex
1647 662 1776 711 millia

107 727 306 791 jugerum
319 739 433 772 terrae
443 740 655 788 occupans
666 761 677 783 ,
686 722 857 788 speetat,
866 737 913 771 ut
925 726 1101 772 &mons
1113 727 1273 792 ngnien
1282 731 1401 775 variis
1417 729 1600 777 aedisiciis
1611 732 1774 796 conspi-

108 812 222 841 cuus,
261 798 436 859 Septem
447 796 556 860 regit
566 795 751 841 civitates
766 831 778 854 ,
796 794 938 842 Suclaeu
949 827 964 848 ,
987 797 1172 863 anan
1184 833 1196 856 ,
1211 797 1402 863 Chaszgxo,
1418 801 1584 865 Uking,
1595 799 1774 867 Kiating,

109 863 292 930 Taicang,
303 867 348 911 8<
358 866 566 929 szgmitgg.

177 935 204 980 S
219 950 248 980 υ
261 953 289 979 N
301 951 325 978 G
344 951 371 979 K
389 952 401 979 1
417 951 442 978 A
458 951 485 978 N
499 949 524 976 G
551 947 696 998 quarta
710 933 940 981 Provinciae
950 934 1208 1000 Metropolis
1220 972 1232 995 ,
1250 936 1303 984 ad
1313 937 1432 1001 cujus
1442 938 1775 1003 Notapeliotem

106 1020 230 1050 mons
249 1006 332 1066 I<in
354 1003 556 1051 verticem
568 1001 734 1051 tollitin
746 1001 836 1067 ipso
846 1003 1119 1051 marislittore
1132 1042 1145 1062 ‚
1165 1007 1286 1070 quod
1309 1006 1415 1054 hanc
1435 1008 1696 1058 interfluit&
1710 1029 1775 1058 ur-

105 1071 205 1120 bem
221 1072 382 1138 Ningpo
394 1109 406 1132 ,
420 1085 507 1119 tam
526 1070 645 1120 brevi
657 1073 977 1136 intercapedine
989 1110 1001 1133 ,
1021 1074 1140 1138 quod
1152 1074 1228 1121 sub
1238 1078 1372 1141 prima
1384 1076 1509 1124 ιῑοᾶε
1521 1075 1617 1143 galli
1630 1095 1775 1127 cantus

103 1141 159 1188 ab
179 1159 269 1188 uno
291 1140 433 1189 littore
456 1143 502 1188 in
522 1139 636 1188 littus
654 1142 904 1190 exaudiatur
913 1143 984 1190 hic
997 1179 1010 1202 ,
1028 1162 1030 1165 ’
1044 1156 1093 1190 ut
1111 1146 1157 1191 8<
1179 1146 1222 1190 in
1251 1144 1420 1210 reliquis
1439 1148 1539 1193 vicis
1553 1182 1566 1204 ,
1598 1148 1774 1195 aedificia

103 1210 220 1258 malis
240 1211 321 1259 alte
338 1213 382 1258 in
401 1209 536 1276 ipsum
559 1209 745 1259 fundum
766 1210 921 1259 adaffls
942 1249 955 1271 ,
975 1212 1090 1260 haud
1111 1212 1226 1260 secus
1246 1232 1293 1260 ac
1312 1216 1357 1261 in
1375 1214 1546 1263 nostrati
1558 1217 1773 1285 uliginoso

100 1279 240 1328 fundo
250 1318 262 1339 ,
283 1279 537 1328 incumbunt
557 1299 566 1326 :
587 1282 631 1327 in
651 1283 775 1328 maris
802 1280 912 1327 ostio
930 1280 1120 1346 amplum
1142 1282 1328 1349 exsurgit
1348 1286 1661 1334 munimentum
1673 1305 1773 1335 cum

100 1350 228 1398 firmo
237 1353 421 1408 navium,
430 1348 700 1414 militumque
709 1349 901 1416 praesidio
911 1352 966 1399 ad
977 1366 1126 1416 portus
1133 1352 1380 1400 custodiam:
1394 1352 1523 1401 tribus
1531 1356 1710 1420 imperat
1719 1358 1774 1403 ci-

102 1420 324 1479 vitatibus,
341 1420 574 1485 szgkiang,
593 1428 657 1471 X
657 1421 790 1485 anghai
802 1453 815 1475 a
836 1422 881 1467 8(
897 1421 1048 1486 Cirggpu.

173 1492 215 1536 C
227 1508 254 1536 H
267 1507 292 1535 A
309 1507 335 1534 N
348 1508 373 1534 G
387 1507 444 1535 cn
458 1506 520 1535 Eu
542 1490 688 1553 quinta
714 1491 945 1537 Provinciae
970 1488 1230 1554 Metropolis
1253 1527 1267 1550 ,
1299 1491 1434 1540 canali
1460 1497 1661 1560 [Joangpn
1683 1508 1771 1542 arte

102 1573 311 1607 excavato
321 1561 456 1606 vicina
469 1557 602 1620 jacet,
618 1560 716 1625 ripis
726 1577 863 1624 prope
877 1560 986 1605 hanc
998 1557 1149 1605 urbem
1164 1561 1364 1625 utrinque
1376 1580 1430 1608 ex
1441 1562 1554 1610 seno
1564 1563 1706 1630 lapide
1715 1563 1770 1610 ab

102 1630 192 1675 imo
210 1627 341 1693 usque
360 1628 412 1676 ad
431 1627 642 1675 summum
665 1630 775 1675 miro
797 1627 979 1676 artificio
1001 1628 1173 1675 firmatis
1185 1664 1197 1687 ‚
1216 1648 1292 1694 per
1303 1649 1432 1696 quem
1443 1630 1498 1679 ab
1509 1632 1616 1680 urbe
1627 1634 1680 1680 ad
1692 1635 1771 1681 flu-

102 1699 218 1746 vium
230 1697 364 1764 Kiang
375 1697 670 1765 navigantibus
681 1710 800 1762 patet
807 1697 956 1746 aditus.
980 1699 1191 1763 Qiinque
1202 1700 1391 1748 civitates
1401 1702 1682 1750 moderarime
1694 1702 1770 1751 suo

101 1766 244 1832 dirigit
252 1801 265 1821 ,
285 1763 524 1832 Clymlgcheu,
535 1766 655 1828 Vufie,
663 1768 852 1832 Kiangyn,
867 1767 1044 1834 Gniking,
1053 1769 1098 1815 &
1108 1767 1295 1834 Cinkiang.

170 1840 250 1883 CH
265 1855 275 1883 1
291 1856 319 1882 N
334 1855 361 1882 K
377 1855 389 1882 1
405 1854 432 1882 A
447 1855 473 1881 N
488 1852 514 1878 G
532 1836 645 1884 sexta
669 1839 898 1884 Provincia:
918 1836 1176 1903 Metropolis
1193 1840 1254 1890 M,
1284 1836 1416 1886 Paulo
1434 1843 1607 1888 Veneto
1634 1836 1771 1908 [jugia

99 1905 255 1954 dicitur
268 1943 279 1965 ,
297 1908 412 1972 jacet
432 1907 487 1954 ad
510 1908 690 1954 ortivam
712 1906 864 1954 canalis
874 1905 1098 1972 supradiffi
1109 1944 1121 1967 ,
1136 1924 1263 1973 aquas
1280 1910 1322 1955 in
1334 1908 1514 1957 fluvium
1523 1911 1652 1976 Kiang
1664 1930 1770 1959 exo·

101 1978 298 2035 nerantis,
313 1978 356 2023 in
368 1975 546 2023 occidua
559 1990 679 2041 parte
691 1975 803 2024 secus
812 1978 946 2042 ripam
960 1975 1207 2023 suburbium
1219 1976 1281 2024 est
1298 2012 1311 2033 ‚
1332 1979 1451 2043 quod
1463 1980 1517 2027 de
1524 1979 1768 2045 frequentia

102 2063 200 2092 cum
213 2046 299 2112 ipsa
309 2045 415 2093 urbe
425 2059 557 2093 certat
569 2079 582 2100 ,
594 2047 639 2092 in
652 2047 796 2094 vicino
806 2044 916 2093 colle
928 2048 1047 2093 turris
1057 2047 1228 2112 triginta
1237 2047 1481 2096 cubitorum
1490 2051 1512 2096 a
1525 2049 1609 2096 bafi
1619 2052 1670 2098 ad
1681 2051 1767 2099 cul-

102 2131 202 2162 men
213 2116 341 2181 usque
351 2117 483 2164 ferrea
494 2116 630 2164 forma
642 2114 907 2181 pyramidali,
915 2117 1048 2175 variiS,
1056 2115 1199 2181 figuris
1207 2133 1253 2162 ac
1262 2116 1384 2165 lauris
1395 2118 1593 2167 decorata
1603 2121 1767 2187 conspi-

101 2186 226 2232 citur:
241 2200 321 2233 tres
329 2185 452 2232 urbes
460 2183 537 2232 sub
547 2185 587 2232 se
599 2185 740 2243 habet,
752 2180 974 2251 Chinkiang,
986 2184 1184 2251 Tanyang‚
1197 2187 1243 2234 &
1255 2188 1294 2233 K
1299 2191 1414 2236 intan.

180 2259 219 2301 Y
230 2271 288 2299 AN
298 2271 321 2297 c
331 2270 420 2297 Heu
439 2253 616 2319 septima
639 2256 872 2302 Provinciae
890 2255 1150 2320 Metropolis
1160 2293 1172 2314 ,
1187 2256 1302 2318 jacet
1321 2257 1374 2303 ad
1395 2259 1531 2321 ripam
1552 2257 1766 2305 artificiosi

102 2322 254 2371 canalis
266 2321 408 2388 sepius
420 2325 643 2370 memorati
648 2341 748 2388 ,qua
758 2327 919 2371 Ortum
930 2323 1238 2388 spectat,salinae
1248 2325 1342 2372 sunt
1352 2326 1708 2389 frequentissimae,
1720 2328 1766 2375 in

104 2393 257 2456 quibus
273 2410 327 2439 ex
338 2410 447 2456 aqua
459 2393 617 2439 marina
625 2390 677 2439 sal
686 2393 843 2440 eodem
855 2393 991 2439 modo
1003 2430 1015 2452 ,
1030 2410 1078 2440 ac
1089 2391 1143 2440 ab
1157 2396 1395 2460 Europaeis,
1412 2397 1660 2455 conficitur,
1680 2396 1767 2445 fiilis

104 2460 230 2526 hujus
240 2461 507 2509 distraffione
520 2463 706 2509 maxime
717 2461 924 2510 ditescunt
933 2476 1185 2510 mercatores
1197 2499 1209 2522 ,
1220 2481 1268 2510 ac
1277 2464 1459 2530 proinde
1471 2466 1625 2513 horum
1637 2465 1766 2514 bene-

106 2531 208 2578 ficio
216 2530 440 2596 splendidis
452 2550 500 2579 ac
512 2530 699 2596 superbis
708 2531 890 2599 adsurgit
901 2532 1100 2581 aedificiis.
1119 2533 1290 2580 Decem
1301 2535 1409 2599 regit
1421 2535 1555 2593 urbe3‚
1565 2536 1766 2600 ngcheu,

106 2600 402 2666 Ychin,fl“aihing,
413 2597 572 2664 Gwyezc,
584 2604 645 2649 H
644 2601 785 2666 inghoa,
793 2603 957 2667 Paoyng,
968 2601 1203 2663 Tai,Jucao,
1217 2601 1331 2669 Tang
1343 2606 1388 2651 8<
1404 2606 1606 2653 Hammon.
1645 2609 1764 2661 Qa-

108 2687 202 2715 rum
221 2672 423 2734 primariae
442 2665 649 2734 Caoyeu,&
662 2668 747 2717 Tar.
1233 2673 1235 2675 ’

177 2741 220 2785 H
231 2757 256 2783 o
266 2759 288 2786 A
296 2759 343 2786 io
352 2761 375 2787 A
385 2759 413 2785 N
435 2740 583 2789 oetava
594 2741 824 2789 Provinciae
835 2740 1091 2808 Metropolis
1100 2776 1114 2797 ,
1133 2744 1175 2789 in
1186 2741 1284 2789 loco
1297 2740 1500 2807 paludoso
1514 2760 1672 2807 ,oryzae
1684 2780 1696 2801 ,
1715 2762 1762 2790 ac

108 2808 232 2854 tritici
251 2807 497 2857 feracissimo
516 2809 653 2873 jacet,
671 2808 833 2875 duplex
851 2811 907 2858 est
920 2849 931 2870 ,
954 2814 1201 2860 continuata
1218 2825 1358 2859 tamen
1379 2814 1628 2859 maeniorum
1646 2812 1763 2867 serie,

107 2893 202 2940 quae
213 2876 266 2924 ad
279 2878 480 2927 Austrum
490 2883 625 2946 vergit
634 2917 646 2940 ,
666 2882 838 2946 proprie
859 2884 921 2928 H
920 2885 1047 2946 oaigan
1059 2915 1072 2934 ,
1083 2900 1176 2946 quae
1187 2881 1240 2928 ad
1252 2880 1580 2944 Barrapeliotem
1591 2883 1763 2947 Yenching

106 2946 270 2994 dicitur.
306 2952 455 3015 Auget
476 2951 625 2998 harum
645 2949 983 3016 magnitudinem
1003 2949 1253 2997 suburbium
1275 2951 1331 2997 ad
1352 2949 1527 2998 milliare
1538 2953 1763 2999 Germani-

106 3032 204 3062 cum
227 3034 282 3063 ex
300 3030 478 3083 utraque
491 3033 608 3084 parte
620 3019 770 3069 canalis
780 3018 1025 3083 protensum
1044 3042 1058 3079 3
1080 3039 1156 3085 per
1167 3038 1297 3086 quem
1315 3022 1763 3089 croceumingrediun-

1069 3093 1109 3138 L
1147 3108 1170 3154 3
1688 3104 1767 3137 tur.
