2114 3412
166 221 298 265 Triplex

167 264 305 296 literato-

165 315 229 337 rum
239 314 306 347 gra-

166 347 235 379 dus.

167 455 186 486 S
188 454 274 487 ieucai.

171 1693 285 1739 Munus

169 1739 254 1775 Tihii,

101 2299 108 2306 Ι
175 2256 286 2300 Kjugin.
328 2273 329 2277 ¹

333 107 363 169 '1
376 120 407 169 6
687 107 834 166 Pars
848 97 1016 160 ultima
1034 94 1321 186 Legatiomi’
1339 93 1606 163 Patavi&

401 206 510 256 Tres
534 204 737 271 praeeipui
753 202 1060 264 Eruditorum,
1084 203 1246 270 praevio
1263 206 1486 265 examine,
1511 204 1688 252 honoris
1708 201 1859 271 gradus
1877 207 1998 272 suntg

336 279 495 345 primus
513 277 677 334 Sic-ueni,
691 273 796 322 alter
813 274 1147 342 Kiuginssertius
1161 270 1304 339 (insu,
1339 275 1533 321 Examen
1544 273 1686 322 ferein
1698 274 1783 322 sola
1794 275 1997 346 scriptura

336 345 535 396 confistit.
1460 346 1461 349 ¹

405 419 571 464 Primus
588 413 842 462 eruditionis
861 413 1038 482 gradus,
1076 414 1227 462 Sieucai
1239 416 1281 460 in
1301 412 1473 480 singulis
1495 412 1666 462 urbium
1686 412 1997 484 scholisaquffl

333 487 434 537 dam
461 485 659 533 Do&0re
686 484 802 533 Tihio
828 483 1060 533 confertur.
1115 486 1200 531 Hic
1221 484 1360 532 Tihius
1385 481 1532 530 euncia
1552 484 1785 533 Provinciae
1808 483 1891 533 suae
1914 505 1997 554 op-

333 557 438 623 pida
458 568 653 623 peragrat
666 594 679 615 ,
695 555 748 602 ad
767 553 1097 612 conferendam,
1110 552 1209 619 post
1218 553 1376 619 triplex
1395 571 1575 601 examen
1590 592 1603 612 ,
1624 553 1798 602 eruditis
1813 555 1922 604 hanc
1931 558 1999 605 di-

333 628 556 693 gnitatem.
603 624 839 690 Postquam
865 624 935 671 hic
968 625 1107 672 Tihius
1124 662 1136 682 ,
1171 633 1305 688 quem
1337 621 1656 672 Cancellarium
1675 622 1817 672 dicere
1845 644 1999 692 queas,

332 695 503 764 appulit
518 732 530 755 ‚
554 711 701 742 omnes
725 695 800 759 qui
816 693 996 760 gradum
1014 692 1231 752 affectant,
1265 692 1459 758 undique
1478 691 1707 739 confluunt
1726 693 1779 740 ad
1801 713 1999 746 examen.

333 767 523 814 Primum
534 781 717 812 examen
735 765 758 810 a
772 762 987 829 Magistris
1003 762 1383 809 Baccalaureorum
1403 762 1632 827 peragitur.
1668 763 1788 828 Saepe
1803 766 2000 832 quinque

335 835 472 883 millia
482 853 538 882 ex
550 836 674 882 unica
692 834 801 881 urbe
820 834 921 880 huic
935 832 976 880 se
992 831 1180 879 examini
1200 829 1361 879 sistunt.
1394 831 1639 878 Examinati
1656 831 1901 899 aMagistris
1911 837 2001 885 Re.

336 905 416 974 giis
438 904 490 953 ad
507 918 692 969 quatuor
716 903 896 950 civitatis
908 900 1134 951 Praefe&0s
1143 940 1159 963 2
1175 903 1221 949 &
1241 900 1295 947 ab
1311 900 1374 948 his
1394 900 1447 947 ad
1467 901 1622 948 Tihium
1637 899 1910 969 ablegantur,
1927 905 2000 954 sed

336 994 429 1024 non
441 973 518 1022 nisi
538 974 712 1021 ducenti
732 990 788 1020 ex
810 984 932 1019 tanto
944 988 1127 1019 numero
1138 1011 1153 1031 ,
1172 972 1247 1036 qui
1260 971 1414 1037 peritia
1430 969 1639 1018 scribendi
1658 973 1920 1023 antecellunt
1935 992 2001 1023 re-

336 1045 491 1111 liquos,
533 1044 735 1091 Tertium
745 1058 927 1090 examen
942 1039 1101 1108 abipso
1120 1039 1393 1088 Cancellario
1411 1041 1656 1106 peragitur3
1689 1045 1849 1091 caeteris
1868 1044 2002 1113 longe

337 1114 516 1176 rigidius
539 1153 552 1174 ‚
594 1131 694 1160 nam
724 1130 781 1160 ex
801 1111 995 1158 ducentis
1015 1112 1090 1158 vix
1110 1112 1262 1176 viginti
1298 1109 1367 1157 vel
1397 1110 1570 1175 triginta
1601 1110 1655 1157 ad
1683 1112 1863 1177 gradum
1897 1117 2000 1163 Bac-

339 1168 596 1233 cfflaureatus
629 1179 863 1249 seliguntur
883 1216 896 1238 ,
937 1182 1015 1246 qui
1047 1181 1241 1246 priorum
1260 1189 1471 1229 annorum
1505 1179 1787 1229 Baeealaureis
1815 1183 2002 1247 conjun⁴

341 1254 397 1301 &i
439 1254 703 1319 praecipuam
733 1251 933 1298 Civitatis
958 1263 1127 1316 partem
1153 1247 1418 1297 constituunt
1437 1285 1450 1308 ,
1491 1247 1546 1296 ab
1567 1248 1767 1298 omnibus
1797 1252 2002 1302 honorati

340 1336 521 1390 propter
537 1321 763 1369 instantem
775 1320 1047 1386 dignitatem,
1057 1320 1111 1367 ad
1121 1337 1250 1386 quam
1265 1335 1342 1385 per
1352 1318 1504 1385 gradus
1523 1318 1650 1366 hosce
1663 1320 1910 1373 ascendunt.
1931 1326 2004 1372 In-

342 1393 475 1459 signia
489 1409 641 1439 eorum
653 1391 747 1438 su'nt
765 1403 867 1456 toga
880 1427 893 1450 ,
909 1389 1047 1455 pileus
1059 1392 1105 1438 &
1121 1407 1253 1437 ocreae
1264 1428 1280 1450 ,
1304 1405 1446 1453 neque
1456 1388 1545 1435 aliis
1566 1388 1652 1435 hoc
1661 1388 1831 1450 habitu,
1848 1406 2003 1457 praeter

337 1462 654 1521 Baccalaureos,
663 1462 728 1508 uti
744 1459 856 1507 licet.
874 1462 1089 1508 Immunes
1110 1472 1313 1525 praeterea
1328 1457 1438 1517 sunt,
1447 1460 1494 1506 &
1506 1457 1613 1506 nulli
1625 1457 1702 1506 nisi
1713 1460 2003 1524 Cancellari0‚

337 1549 387 1583 ae
401 1544 588 1598 quatuor
602 1528 815 1597 Magistris
831 1527 911 1577 suis
929 1527 1136 1592 subjecti}
1156 1545 1204 1575 ac
1219 1526 1251 1577 fi
1267 1526 1542 1593 delinquant,
1564 1530 1723 1577 caeteris
1742 1530 2003 1598 Magistrati-²

337 1602 419 1651 bus
439 1601 557 1649 nulla
575 1601 618 1648 in
639 1618 713 1648 eos
731 1597 917 1668 potestas
937 1598 1008 1651 est.

406 1674 572 1729 Munus
588 1671 693 1720 Tihii
701 1672 761 1720 est
769 1688 859 1720 non
871 1684 1039 1722 tantum
1049 1689 1191 1723 novos
1203 1670 1344 1720 dicere
1359 1671 1676 1733 Bacealaur'eos‚
1688 1670 1758 1720 sed
1774 1673 1904 1722 etiam
1915 1671 2005 1734 jam

340 1743 449 1792 olim
467 1756 698 1809 promotos
709 1743 864 1790 iterum
874 1745 1132 1804 examinare,
1150 1742 1422 1809 &profechus
1439 1760 1590 1791 eorum
1607 1741 1830 1790 ulteriores
1845 1742 2005 1809 exploa

341 1832 444 1862 rare.
479 1813 588 1860 Ideo
599 1826 733 1878 prout
747 1814 790 1859 in
802 1812 1030 1861 scribendo
1041 1811 1261 1860 excellunt
1270 1848 1282 1871 ‚
1293 1812 1486 1878 quinque
1497 1811 1688 1860 classibus
1698 1811 2005 1878 dispescuntur.

339 1885 504 1931 Primus
529 1882 640 1930 ordo
659 1883 839 1950 praemio
858 1882 1031 1931 affefius
1051 1882 1104 1929 ad
1123 1881 1326 1930 inferiora
1344 1885 1490 1929 munia
1507 1881 1750 1929 adhibetur.
1786 1882 2006 1932 Secundus

340 1953 453 2000 ordo
470 1954 663 2017 praemio,
678 1951 748 1999 sed
765 1952 895 2018 longe
910 1952 1117 2010 inferiori,
1132 1951 1385 2000 honoratur.
1421 1953 1593 1998 Tertius
1609 1951 1721 1997 ordo
1743 1967 1885 2015 neque
1897 1969 2006 2016 prat<-

341 2023 601 2083 mi07neque
616 2038 750 2085 poena
765 2020 919 2085 dignus
938 2021 1144 2069 censetur.
1178 2025 1370 2077 Qartus
1387 2019 1498 2067 ordo
1515 2021 1575 2066 ob
1594 2020 1812 2084 pigritiam
1829 2020 2007 2085 publice

342 2092 477 2157 plagis
493 2090 687 2141 afficitur.
727 2092 886 2149 Quinti
900 2105 1019 2156 toga,
1033 2089 1153 2155 pileo
1165 2126 1177 2149 ,
1189 2091 1324 2136 ocreis
1340 2090 1461 2135 exuti
1472 2126 1484 2148 ,
1508 2087 1588 2136 feei
1608 2087 1744 2154 plebis
1760 2088 2008 2140 adscribun-

343 2174 424 2209 tur.
463 2162 525 2206 Ita
539 2162 725 2225 praemiis
741 2160 788 2206 δέ
806 2161 945 2225 poenis
960 2157 1163 2207 industria
1178 2159 1407 2218 excitatur,
1419 2157 1679 2225 negligentia
1691 2157 1902 2223 plectitur.

412 2229 631 2277 Secundus
651 2229 804 2297 gradus
822 2229 1091 2277 eruditorum
1108 2228 1153 2275 in
1170 2228 1268 2274 Sina
1288 2228 1464 2294 Kitgin,
1492 2229 1752 2276 Licentiatos
1766 2230 2008 2295 Europaeos

343 2294 628 2365 repraesentat.
663 2301 749 2346 Hic
765 2298 918 2365 gradus
937 2299 1066 2347 tertio
1080 2310 1261 2362 quoque
1286 2307 1401 2345 anno
1423 2300 1467 2344 in
1477 2295 1719 2362 Metropoli
1741 2297 1977 2346 Provineiae
1991 2337 2008 2362 ‚

342 2371 469 2417 initio
483 2370 621 2417 octavi
640 2367 790 2416 mensis
813 2367 898 2417 sive
915 2366 1178 2434 Septembris
1189 2405 1202 2427 ,
1229 2384 1383 2433 magna
1400 2384 1564 2433 pompa
1578 2365 1811 2414 confertur.
1844 2369 2007 2435 Neque

342 2456 490 2487 omnes
502 2475 515 2497 2
535 2440 612 2503 qui
629 2438 748 2504 digni
766 2476 778 2497 ‚
809 2456 909 2486 eum
925 2436 1260 2502 consequuntur,
1273 2435 1344 2482 sed
1360 2450 1496 2484 certus
1514 2449 1679 2484 tantum
1694 2452 1910 2497 numerus,
1927 2440 2006 2504 qui

341 2526 492 2556 omnes
512 2507 827 2555 eminentiffimi
846 2509 892 2554 8<
912 2525 994 2572 pro
1004 2506 1258 2554 conditione
1272 2506 1591 2554 Pro‘vinciarum
1610 2504 1749 2570 plures
1758 2507 2006 2571 pauciores·
2062 2527 2065 2530 ·

343 2597 409 2626 ve.
446 2580 561 2624 Nam
577 2579 621 2624 in
645 2578 790 2642 Pelting
809 2579 855 2624 &
881 2577 1100 2643 Nanking,
1132 2593 1189 2622 ex
1205 2574 1403 2623 universo
1426 2573 1797 2623 Baccalaureorum
1821 2592 2007 2626 numero

342 2649 507 2695 circiter
539 2663 715 2694 centum
737 2646 1111 2712 &quinquaginta
1126 2645 1353 2692 Licentiati
1370 2683 1384 2704 ‚
1427 2645 1471 2691 in
1499 2644 1728 2690 Provinciis
1767 2645 2003 2715 Chequiang‚

348 2718 514 2788 Qanfi
532 2718 577 2763 &
599 2718 742 2766 Fokien
760 2720 994 2782 nonaginta
1010 2711 1205 2780 quin'que
1218 2752 1231 2774 ,
1253 2717 1297 2761 in
1317 2715 1472 2761 caeteris
1488 2714 1711 2778 pauciores
1729 2711 1853 2764 fiunt.

413 2785 487 2832 Ad
505 2786 587 2833 hoc
596 2801 778 2833 examen
796 2784 872 2832 soli
886 2782 1247 2843 Baccalaurei,sed
1260 2801 1349 2830 non
1359 2799 1506 2829 omnes
1518 2819 1532 2841 ‚
1568 2799 1717 2829 verum
1735 2800 1791 2830 ex
1812 2782 2008 2849 qualibet

344 2856 516 2902 civitate
540 2854 609 2902 vel
627 2855 848 2902 Provincia
882 2867 984 2913 aut,
1014 2851 1178 2902 Scholis
1204 2853 1418 2906 summum
1446 2849 1727 2917 quadraginta
1741 2853 2006 2903 Baccalaurei

345 2923 589 2988 seliguntur.
638 2923 934 2972 Nihilominus
958 2921 1066 2988 saepe
1090 2939 1290 2970 numerus
1315 2920 1465 2967 talium
1486 2933 1674 2984 quatuor
1689 2921 1822 2970 millia
1842 2919 2008 2970 Candi-

344 2990 544 3040 datorum
567 2992 759 3042 conficit.
793 2991 1064 3059 Magistratus
1080 2991 1324 3057 Pekingenfis
1346 2989 1474 3036 tertio
1500 3006 1680 3055 quoque
1699 3008 1814 3038 anno
1830 3003 2006 3040 centum

345 3058 631 3126 Philosophos
651 3061 823 3111 selectos
838 3061 1020 3129 supplici
1037 3059 1188 3110 libello
1207 3059 1320 3126 Regi
1346 3056 1515 3119 sistunt,
1549 3076 1605 3107 ex
1623 3060 1780 3125 quibus
1797 3060 1973 3127 trigtnta
1987 3098 2004 3122 ,

1286 3152 1288 3155 ·
1919 3146 2005 3194 pro
