2114 3412
368 1524 572 1573 Emensos
583 1524 772 1591 Regium
784 1541 902 1590 aquae
914 1523 1090 1572 ductum
1102 1526 1264 1584 Jun,eo
1275 1520 1456 1571 Prelie‘to
1467 1522 1627 1589 Lincing
1635 1522 1790 1570 fluvius
1803 1525 1917 1584 Guei,
1928 1522 1973 1572 li-

249 1650 251 1652 ,
300 1612 387 1642 mes
397 1597 654 1660 Xanttmgam
673 1597 782 1643 inter
802 1612 850 1642 ac
867 1596 1008 1659 Peking
1022 1630 1034 1652 ,
1053 1611 1132 1641 nos
1151 1595 1336 1660 excepit.
1366 1594 1524 1641 Fontes
1544 1594 1635 1657 ejus
1650 1593 1766 1660 apud
1777 1608 1972 1658 quartam

115 1894 163 1926 23.
179 1888 260 1930 Junii

118 1930 146 1958 U
159 1939 179 1958 c
190 1942 197 1959 1
209 1939 229 1957 N
242 1936 283 1959 at-

117 1973 242 2010 tingunt.

300 1667 367 1712 H
364 1683 486 1712 ommae
498 1666 732 1713 Civitatem
754 1665 941 1724 Gueihoei‚
951 1664 1070 1712 unde
1080 1664 1222 1713 multis
1232 1664 1448 1712 maeandris
1458 1665 1690 1711 Orientem
1705 1662 1842 1711 versus
1852 1668 1973 1712 Xan-

299 1747 450 1799 tngam
463 1735 484 1781 a
496 1736 660 1800 Pekinga
672 1734 840 1789 dividit,
853 1736 995 1782 donec
1007 1734 1159 1782 εΧειᾶο
1170 1732 1389 1801 profluvio
1402 1772 1415 1793 ‚
1430 1735 1533 1781 Sinu
1545 1735 1717 1782 Oceani
1730 1736 1828 1798 Cang
1840 1752 1974 1781 nona-

299 1805 416 1868 ginta
429 1803 670 1852 milliaribus
680 1804 778 1852 hinc
789 1803 968 1852 distante
981 1839 996 1859 ,
1017 1804 1220 1853 hauritur.
1256 1806 1486 1853 Orientem
1499 1803 1637 1851 versus
1656 1803 1846 1869 provecti
1858 1806 1974 1871 vige-

301 1872 399 1932 fima
410 1874 684 1940 quintaJunii
696 1888 891 1941 quartum
903 1874 1118 1922 decimum
1132 1877 1311 1924 civitatis
1321 1874 1551 1939 Umgchang
1566 1873 1799 1939 Oppidum
1810 1875 1974 1922 UClN

302 1940 367 1988 vel
389 1944 556 2007 Vuchz‘ng
566 1977 579 1996 ,
599 1958 772 1991 centum
794 1947 840 1991 &
861 1945 1013 2008 viginti
1035 1947 1098 2009 Ly
1120 1945 1303 2010 Lincinga
1315 1979 1327 2002 ,
1342 1944 1564 2007 attigimus.
1600 1945 1814 1990 Dextram
1825 1960 1874 1990 ea
1886 1980 1898 2002 ‚
1918 1942 1974 1990 ad

300 2010 503 2059 Austrum
528 2016 623 2058 Guei
633 2049 645 2070 ,
662 2015 706 2059 in
718 2012 870 2060 ultimo
882 2021 945 2063 X
946 2025 1116 2079 antungae
1132 2016 1324 2080 margine
1344 2014 1479 2077 ripam
1491 2011 1695 2077 quadrata
1706 2011 1843 2059 forma
1854 2011 1975 2060 strin-

301 2082 385 2148 git,
405 2083 449 2128 &
472 2080 557 2146 ipsa
568 2082 770 2129 Tartariae
789 2081 939 2129 furoris
949 2096 1279 2129 monumentum
1287 2079 1494 2128 miserum.
1530 2087 1652 2148 Ager
1673 2082 1977 2144 circumjacens

304 2152 553 2210 amoenitate
565 2149 735 2198 vallium
747 2149 1006 2217 colliumque
1016 2151 1245 2217 spectantes
1255 2150 1437 2199 delectat
1461 2173 1473 2209 3
1506 2149 1576 2199 sed
1590 2155 1849 2218 praecipuum
1869 2154 1891 2199 a
1913 2154 1976 2217 pi-

303 2218 706 2285 scosonaviferoque
727 2224 841 2268 Gueio
861 2221 1140 2268 commodum
1153 2220 1299 2268 incolis
1317 2239 1364 2267 ac
1374 2219 1675 2269 emolumenta.
1710 2226 1772 2269 lta
1782 2235 1976 2270 naturam

304 2290 347 2334 in
361 2290 606 2336 exornanda
617 2288 691 2352 huj
698 2308 742 2337 us
752 2292 925 2356 Oppidi
936 2290 1130 2339 ubertate
1141 2304 1373 2339 certantem
1384 2289 1499 2355 quafi
1517 2289 1906 2356 colluctantemque
1919 2294 1978 2340 vi·

301 2358 412 2415 deas,
424 2372 528 2404 terra
541 2377 593 2405 an
605 2378 725 2425 aquae
736 2358 899 2421 majora
908 2359 1119 2409 beneficia
1129 2361 1316 2426 praebere
1326 2360 1496 2428 poffint.

371 2430 646 2492 Anteaquam
670 2429 814 2488 urbes,
833 2447 938 2495 quas
960 2432 1004 2477 in
1026 2430 1105 2478 hac
1128 2433 1350 2479 Provincia
1362 2430 1504 2495 ‘Peking
1525 2428 1773 2494 permeandi
1784 2428 1879 2476 data
1892 2432 1976 2479 fuit

301 2494 482 2556 occafio,
503 2496 796 2552 describamus,
808 2499 996 2563 ejusdem
1007 2498 1118 2554 situs,
1128 2500 1246 2559 fines,
1256 2502 1301 2548 &
1313 2502 1554 2547 Civitatum
1565 2514 1761 2544 numerus
1773 2534 1785 2556 ,
1801 2501 1901 2546 utin
1915 2517 1975 2547 re-

300 2564 439 2630 liquis,
452 2567 734 2631 praemittendi
745 2568 852 2615 sunt.
1837 2569 1841 2572 ⁴

376 2636 480 2682 Haec
495 2638 782 2695 Provincia,in
795 2636 1020 2702 splendore
1031 2637 1201 2687 aliarum
1213 2637 1335 2688 facile
1345 2640 1538 2705 princeps
1546 2673 1559 2695 ,
1570 2636 1623 2684 ab
1637 2635 1722 2702 ipsa
1733 2637 1979 2702 Metropoli

305 2704 445 2769 Pelting
458 2722 617 2753 nomen
630 2706 771 2756 habet.
807 2710 913 2754 Haec
922 2709 1094 2772 Imperii
1103 2711 1148 2756 &
1163 2707 1287 2756 Aulae
1300 2708 1413 2756 sedes
1423 2707 1478 2754 ab
1489 2725 1543 2754 eo
1553 2722 1749 2773 tempore
1759 2705 1841 2753 fuit
1854 2744 1865 2766 ,
1886 2725 1976 2772 quo

304 2770 458 2819 familia
474 2772 670 2841 Taimhga
690 2794 745 2823 ex
765 2776 871 2823 urbe
899 2775 1088 2842 Naszking
1110 2780 1155 2826 in
1176 2776 1367 2826 Boreales
1386 2777 1462 2824 hos
1473 2776 1644 2830 trachis,
1662 2776 1851 2823 arcendis
1861 2776 1977 2824 velut

310 2857 364 2886 ex
379 2846 627 2909 propinquo
639 2848 823 2893 Tartaris
832 2882 843 2905 2
853 2848 1058 2911 migravit.
1098 2849 1220 2895 Sinus
1229 2846 1409 2895 Xanchas‘
1419 2848 1526 2894 inter
1540 2845 1709 2906 ,Koream
1721 2848 1766 2894 8<
1778 2850 1978 2909 Japom‘am

311 2911 533 2958 Orientale
548 2913 650 2961 latus
660 2914 795 2975 alluit,
808 2915 943 2963 versus
958 2916 1293 2983 Barropeliotem
1303 2916 1500 2981 Leaotung
1516 2937 1529 2975 3
1553 2916 1606 2963 ad
1618 2918 1798 2962 Boream
1820 2933 1977 2969 murm,

309 2979 355 3024 8<
367 2980 525 3026 Veteris
536 2984 735 3031 Tartariae
746 3003 838 3049 pars
849 2987 891 3032 in
906 2986 1152 3034 Occidente
1160 2993 1228 3037 X
1225 2985 1309 3050 anfi
1315 3020 1328 3044 ,
1349 2985 1373 3031 a
1391 3002 1476 3050 qua
1487 2984 1617 3053 longa
1637 2983 1854 3032 montibus
1863 2983 1978 3042 serie,

311 3047 419 3092 Sinis
431 3051 495 3094 H
492 3067 573 3114 eng,
581 3051 803 3116 separatur,
814 3052 896 3102 sitae
906 3054 1013 3103 sunt.
1047 3055 1227 3103 Flumen
1241 3056 1405 3101 Croceum
1416 3072 1510 3102 eam
1521 3092 1534 3114 ,
1554 3073 1638 3121 qua
1648 3051 1977 3116 Notolybicum,

307 3115 330 3161 εὶ
342 3116 667 3191 Ηρηαηίὲρειηῑ,
681 3125 787 3182 Guei,
798 3140 881 3188 qua
890 3124 1091 3174 Austrum
1103 3128 1148 3174 8<
1159 3127 1207 3173 N
1208 3123 1483 3189 otapeliotern
1495 3124 1765 3190 spectasscum
1775 3130 1839 3174 X
1839 3137 1979 3186 antng

304 3187 538 3253 conjungit.
1856 3193 1980 3238 Aeris

2104 2052 2114 2080 'v—
2102 2033 2108 2041 ·’
2103 1923 2114 2013 naa.
