2114 3412
346 1517 441 1550 rum
452 1498 585 1548 smers.
618 1500 732 1548 Vere
750 1510 847 1548 toto
858 1509 1007 1548 vernat
1014 1532 1029 1555 ‚
1045 1498 1207 1548 exinde
1217 1497 1503 1567 cartilagineas
1518 1497 1797 1548 subrotundao
1819 1517 1876 1550 ex
1885 1501 2009 1551 viridi

343 1568 613 1619 flavescentes
630 1567 794 1634 siliquas
809 1567 1036 1617 seminibus
1051 1568 1203 1635 implet
1212 1567 1243 1617 s
1232 1567 1396 1637 mgulis,
1401 1586 1496 1617 raro
1505 1567 1630 1625 binis,
1639 1568 1775 1618 forma
1785 1568 2011 1621 orbiculari

343 1638 486 1687 colore
497 1637 617 1687 fusco
624 1638 869 1697 virentibus,
877 1636 1197 1698 laevibus‚duris‚
1203 1640 1438 1707 germinare
1448 1637 1633 1687 morosis.
1806 1689 1809 1692 .

415 1711 516 1757 Hoc
527 1711 573 1757 &
584 1707 760 1774 sequens
770 1708 1006 1774 Oppidum
1024 1710 1069 1755 T
1080 1711 1128 1757 O
1139 1711 1186 1757 N
1197 1711 1243 1756 G
1257 1709 1284 1754 S
1296 1711 1317 1755 Ι
1329 1709 1376 1754 Ο
1390 1711 1435 1759 U
1461 1709 1593 1774 usque
1611 1706 1666 1756 ad
1686 1722 1885 1774 quartum
1905 1707 2010 1776 lapi-

292 1775 295 1779 *
345 1777 446 1825 dem
454 1778 626 1844 Pekingae
637 1780 950 1844 approximant,
959 1796 1101 1844 neque
1109 1777 1216 1827 ultra
1224 1779 1377 1827 fluvius
1387 1776 1633 1844 navigabilis
1648 1776 1724 1836 est,
1742 1776 1819 1828 nis»
1827 1781 2009 1829 Boream

342 1864 419 1911 per
429 1846 593 1913 aliquot
602 1847 731 1896 millia
738 1847 930 1914 paffuum
940 1843 1115 1897 subvehi
1125 1846 1376 1915 placeat2ubi
1387 1847 1507 1896 fluvii
1515 1845 1869 1916 canalisPekingum
1878 1862 2010 1897 retro-

341 1914 507 1964 labitur.
534 1916 645 1964 Ideo
657 1934 813 1965 merces
822 1914 1074 1982 plerumque
1084 1916 1150 1966 vel
1161 1917 1514 1981 Sarfianweyae‚aut
1523 1916 1654 1983 paulo
1665 1914 1786 1965 altius
1793 1917 2008 1983 Tongsionae

344 1983 522 2032 navibus
541 1982 742 2048 expofitae
752 2021 766 2044 ,
782 1984 960 2033 terrestri
970 1987 1121 2034 itinere
1131 1984 1249 2033 asinis
1258 2020 1273 2041 ,
1284 2000 1356 2034 aut
1364 1988 1542 2034 carrucis
1552 2021 1565 2046 ‚
1578 2001 1765 2052 quorum
1775 1985 1938 2053 semper
1946 1986 2009 2035 ibi

343 2070 497 2121 magna
519 2066 663 2119 parata
684 2056 729 2101 in
749 2052 841 2101 illos
857 2052 949 2103 usus
965 2056 1089 2120 copia
1101 2055 1301 2120 ‘Pekingam
1313 2056 1605 2121 deportantur.
1639 2054 1779 2103 Causa
1789 2073 1863 2104 cur
1872 2055 2008 2117 nullo,

335 2122 466 2187 ‘quod
484 2121 607 2171 facile
622 2158 635 2182 ‚
655 2122 789 2171 canali
808 2121 1012 2189 ‘Pekmgam
1029 2122 1178 2172 effoffo
1189 2123 1339 2172 urbem
1348 2123 1519 2173 urbium
1535 2123 1875 2191 adnavigabilem
1885 2125 2007 2192 prisci

342 2191 534 2240 Sinenses
544 2192 892 2252 reddiderint‚vix
902 2194 1071 2259 reperiri
1083 2192 1162 2241 alia
1173 2193 1326 2259 potest,
1334 2211 1462 2260 quam
1471 2194 1589 2260 quod
1599 2195 1746 2260 ingens
1755 2193 1890 2261 plebis
1898 2194 2008 2243 mul-

341 2260 511 2322 titudo,
527 2278 772 2327 quanquam
791 2260 987 2309 viliffimo
1004 2264 1146 2328 pretio
1164 2281 1221 2310 ex
1241 2263 1543 2330 deportatione
1552 2265 1755 2312 mercium
1775 2263 1932 2315 vidium
1942 2282 2007 2312 ac-

341 2333 491 2395 quirat.
524 2333 576 2378 In
596 2329 681 2378 hoc
701 2348 816 2399 pago
833 2330 1111 2380 Mandarinus
1125 2333 1351 2382 Pinxintous
1369 2333 1544 2400 Pekingae
1563 2333 1701 2381 redux
1721 2350 1797 2381 nos
1807 2331 2006 2383 offendit.

338 2399 510 2447 Postera
521 2398 590 2447 die
601 2414 785 2465 quatuor
803 2402 849 2449 ὃς
868 2401 1020 2467 viginti
1031 2419 1130 2450 cum
1147 2401 1335 2450 curribus
1353 2402 1596 2468 sarracisque
1605 2402 1628 2448 a
1641 2401 2006 2469 Magnatibuslm-

340 2469 465 2534 perii,
473 2467 748 2533 deportandis
758 2469 1004 2519 muneribus
1013 2471 1069 2519 ad
1086 2473 1151 2518 M
1143 2490 1275 2537 agnum
1283 2467 1323 2534 C
1321 2471 1469 2520 hamum
1478 2470 1688 2519 destinatis
1698 2509 1713 2530 ,
1721 2471 2004 2537 impedimen-

339 2536 477 2604 tisque
488 2539 749 2604 Legatorum
757 2539 1035 2589 advenerunt.
1068 2540 1292 2589 Omnibus
1309 2539 1540 2591 convasatis
1561 2542 1608 2589 &
1628 2540 1672 2587 in
1684 2557 1834 2606 'currus
1843 2550 2002 2607 conge*

340 2607 407 2655 stis
417 2608 568 2674 Legati
575 2605 685 2657 tedia
695 2608 897 2676 Pekingam
907 2607 979 2659 tali
990 2609 1142 2659 ordine
1150 2611 1352 2677 progreffi
1362 2610 1546 2660 fuerunt.

1853 2979 1999 3023 PARS
