2150 3370
370 115 436 159 26
750 91 1061 175 Parrprima
1081 89 1361 178 Legationis
1382 93 1645 153 fBamvicae

438 209 479 253 Y
492 222 518 251 A
531 221 559 251 o
571 221 595 248 G
610 217 636 247 A
650 216 677 245 N
702 211 783 246 tres
805 200 838 244 Y
834 215 971 261 aogan,
992 201 1060 247 Yao
1070 235 1082 259 ,
1101 199 1148 246 8(
1168 197 1311 262 Cl'liyao.

436 278 480 322 C
499 289 590 319 101<
609 286 664 316 IN
676 286 702 313 ο
724 282 804 316 tres
816 304 828 327 ,
850 264 1029 334 Cioking,
1049 269 1290 332 Kienchuen,
1309 270 1357 316 &
1378 276 1443 320 X
1442 287 1505 316 un.

432 347 476 390 V
488 359 517 388 υ
530 358 557 387 τ
575 359 587 386 ι
605 357 632 385 Ν
645 356 671 384 G
693 352 900 405 quatuor,
921 342 967 387 V
961 342 1064 404 uting
1075 371 1088 393 ,
1110 340 1175 386 H
1171 337 1250 386 olzio
1262 376 1274 399 ‚
1295 340 1551 398 Yuenmetss&
1566 338 1746 388 Lokiuen.

431 414 473 458 C
489 429 501 456 1
514 428 543 456 N
558 427 586 456 τ
600 428 613 456 1
631 427 656 455 E
666 426 694 454 N
716 407 879 474 septem
894 409 1013 475 pagis
1025 408 1284 456 dominatur.
1946 427 1948 432 ’

353 491 356 494 ’
426 484 481 528 Li
491 498 517 526 K
527 497 631 526 [ANG
643 481 836 545 quinque
847 478 1020 544 oppidis
1030 475 1193 543 praeest,
1204 479 1384 543 Likiang,
1393 477 1570 535 Paoxan,
1582 477 1895 540 Lau‚l<itcci22,&
1908 478 2032 542 Linfi.

426 553 485 596 Iu
498 568 522 596 E
535 568 561 595 N
577 567 603 595 K
621 568 632 595 1
646 568 671 595 A
683 566 710 593 N
722 564 748 591 G
770 550 1042 595 munimento
1062 548 1180 610 Lopie
1200 545 1404 612 praefidet.

425 622 446 667 I
459 637 487 667 υ
504 638 532 665 Ν
544 638 569 664 o
582 637 607 665 c
619 637 645 665 H
658 636 684 664 A
697 635 723 662 N
736 634 762 661 G
780 616 944 682 septem
956 618 1222 664 munimenta
1233 614 1359 663 subse
1371 614 1503 664 habet
1512 651 1525 675 ‚
1545 615 1753 680 Ingchasg
1765 651 1778 673 ‚
1792 618 1900 679 Laye
1913 653 1926 677 ,
1948 618 2033 666 Lu,

356 689 491 756 kiang,
511 689 692 754 Ingping
705 725 719 746 ,
742 687 888 752 thgki
901 723 914 746 ,
929 695 994 738 X
993 691 1099 744 nien,
1117 688 1163 733 &
1185 686 1376 750 Lukiang.

421 762 537 806 Duae
548 758 671 805 urbes
680 754 875 803 militares
882 755 986 804 nulli
996 755 1065 804 alii
1076 755 1279 803 obnoxiae
1289 754 1404 812 sunt,
1418 755 1597 818 Pexing‚
1607 754 1654 800 &
1673 753 1820 802 Sinhoa.

422 830 692 875 Munitiones
712 824 771 872 sui
787 826 893 890 juris
911 824 1007 874 sunt
1029 825 1275 892 quindecim
1301 824 1409 872 Chelo
1422 859 1434 881 ,
1453 822 1679 889 Tenglseng,
1701 823 1820 884 Cheli,
1837 825 2031 886 Laochua,

355 898 583 964 Lngchuen
594 931 608 951 ‚
630 900 821 959 Guefflten
833 931 845 953 ,
865 895 1018 943 sztt'en
1030 934 1044 955 ,
1068 895 1247 960 Chincang
1259 929 1272 953 ,
1292 891 1440 953 Τιώρα,
1453 892 1614 952 Νἰειιίςὶ,
1629 895 1691 939 M
1684 898 1817 958 angxi³
1830 898 2032 962 Lancang,

349 985 448 1015 cum
469 967 573 1015 urbe
593 967 793 1030 Langkiu,
816 972 1011 1030 Mopang‚
1031 966 1151 1014 Mien.
1345 965 1349 968 ’

417 1039 471 1084 M
482 1054 508 1080 o
516 1053 534 1079 P
543 1054 564 1081 A
576 1052 603 1079 N
614 1051 640 1078 G
654 1036 749 1099 jura
761 1034 834 1082 dat
846 1052 1005 1082 novem
1018 1034 1132 1093 locis,
1145 1037 1209 1081 Μ
1203 1029 1334 1099 opang,
1343 1038 1575 1098 Mengymg,
1586 1034 1649 1080 M
1643 1031 1812 1099 engltt'ng‚
1823 1036 2028 1101 Menglien,

349 1107 496 1171 Mengll
504 1139 518 1160 ,
541 1106 607 1150 M
599 1109 750 1170 engting
759 1140 771 1162 ‚
794 1106 861 1150 M
852 1108 996 1170 engtien
1004 1139 1018 1160 ‚
1037 1109 1199 1170 Mengeo
1207 1137 1221 1158 ,
1243 1106 1289 1152 8(
1315 1105 1370 1150 M
1372 1103 1544 1169 enchang.

414 1179 488 1222 Mi
502 1193 559 1220 EN
578 1174 824 1222 dominatur
833 1172 1038 1234 sexlocis‚
1056 1175 1296 1237 MensPape
1305 1207 1321 1229 ,
1341 1174 1572 1239 Santiht'ng,
1584 1171 1772 1237 Sochung,
1784 1177 2027 1241 Muzgyang,

347 1248 393 1293 8(
420 1247 576 1291 Mitien.
1221 1266 1223 1268 ·

411 1312 684 1361 Familiarum
706 1312 802 1361 sunt
825 1314 996 1379 triginta
1018 1312 1108 1360 duo
1126 1310 1282 1371 millia,
1307 1324 1563 1381 nongentae‚
1585 1313 1899 1378 quinquaginta
1909 1313 2027 1373 ocio,

346 1384 515 1449 32958.
554 1384 646 1430 Viri
668 1382 868 1431 militares
887 1383 1027 1430 decies
1049 1395 1199 1448 quater
1216 1383 1398 1443 centies,
1412 1380 1597 1449 trigesies
1614 1396 1677 1429 ter
1689 1378 1828 1437 mille,
1848 1397 2023 1432 centum

343 1456 388 1501 &
401 1455 574 1511 decem,
597 1470 742 1518 14331
758 1471 829 1501 10⁹

408 1521 644 1570 Tributum
655 1540 794 1588 oryzae
804 1521 966 1587 praebet
978 1522 1118 1570 decies
1129 1535 1279 1587 quater
1285 1523 1443 1569 centies
1453 1518 1567 1569 mille
1579 1522 1628 1569 &
1638 1520 1897 1585 quingentos
1907 1520 2023 1571 sexaa

337 1593 457 1657 ginta
464 1591 566 1639 odio
577 1591 713 1637 saccos
725 1627 737 1648 ,
751 1609 765 1638 1
776 1607 901 1655 4005
910 1592 985 1638 68.
1022 1590 1124 1638 Salis
1130 1592 1327 1654 pondera
1338 1592 1623 1656 quinquagies
1632 1588 1762 1636 sexies
1771 1587 1901 1648 mille,
1911 1607 2020 1639 non-

336 1674 465 1726 genta
477 1663 522 1708 &
534 1659 748 1725 sexaginta
759 1660 966 1723 quinque,
978 1659 1148 1723 56965.
1856 1707 1858 1711 v

388 1731 618 1777 Provinciis
629 1729 802 1793 Imperii
816 1728 944 1773 Sinici
956 1726 1095 1774 obiter
1105 1729 1151 1775 &
1162 1726 1371 1775 succin&e
1381 1727 1607 1784 annotatis,
1615 1725 1780 1773 causam
1791 1723 1916 1789 hujus
1927 1740 2015 1777 tam

334 1799 571 1867 magnificae
584 1798 867 1864 adMagnum
886 1790 1034 1858 Cataiae
1043 1830 1058 1851 ‚
1083 1797 1280 1861 Sinaeque
1289 1798 1569 1844 Tartarorum
1581 1795 1803 1843 Chamum
1813 1798 2017 1862 Legatio-

333 1871 398 1915 nis
408 1886 498 1916 non
510 1886 618 1933 opus
629 1866 687 1914 est
697 1865 903 1931 prolixius
915 1883 1268 1913 commemorare.
1304 1866 1461 1929 Saepius
1471 1864 1653 1912 antehac
1666 1879 1815 1912 mutua
1834 1868 2016 1915 Batavos

333 1941 443 1986 inter
462 1936 663 2001 Sinasque
676 1948 837 1982 tentata
848 1935 968 1982 fuere
978 1936 1233 1981 commercia
1244 1971 1257 1993 ,
1277 1935 1397 1981 irrito
1407 1935 1528 1981 variis
1538 1969 1551 1991 ,
1561 1931 1688 1981 causis
1697 1932 1879 1982 successu
1891 1957 1905 1994 3
1928 1935 2013 1985 five

329 2009 451 2073 quod
463 2006 622 2054 invidia
633 2003 934 2052 Lusitanorum
955 2018 1043 2052 tam
1051 2002 1169 2068 justis
1184 2004 1456 2051 intercess'erit
1473 2001 1705 2061 defideriis,
1723 2001 1807 2051 sive
1818 2006 1940 2070 quod
1951 2009 2013 2054 Si-

327 2076 520 2125 nensium
542 2073 819 2141 superstitiosa
840 2075 1037 2139 quaedam
1048 2107 1063 2128 ,
1081 2075 1128 2121 8(
1139 2087 1188 2121 ut
1198 2071 1330 2139 aliqui
1352 2072 1546 2133 tradunt,
1563 2074 1586 2121 εἰ
1603 2073 1835 2138 majoribus
1845 2076 2013 2137 tradita,

326 2165 380 2194 an
393 2146 576 2194 confleta
587 2146 740 2211 opinio
752 2180 764 2203 ,
784 2143 1063 2191 metuendam
1084 2161 1235 2191 eorum
1254 2144 1443 2209 Imperio
1461 2143 1707 2210 praediceret
1727 2141 1866 2191 albam
1878 2148 2010 2193 mani-

325 2217 420 2276 bus,
434 2214 630 2282 pedibus,
639 2229 822 2279 totoque
829 2231 1010 2280 corpore
1020 2215 1287 2280 peregrinam
1298 2227 1474 2281 gentem
1485 2247 1500 2268 ,
1510 2228 1674 2262 metum
1683 2215 1831 2260 animis
1841 2214 2008 2280 impress

323 2285 435 2344 serit,
444 2284 647 2351 fugienda
659 2297 931 2331 externarum
943 2283 1228 2349 hactenusque
1242 2285 1565 2350 incognitarum
1587 2283 1784 2350 gentium
1798 2294 2007 2331 commer-

323 2357 412 2409 cia,
429 2368 558 2420 prout
579 2352 637 2401 illi
659 2351 838 2418 populi,
857 2354 1071 2401 continuis
1093 2354 1374 2401 Tartarorum
1400 2354 1619 2401 exercitati
1639 2350 1851 2400 furoribus
1870 2351 2007 2419 suspe-

324 2425 433 2472 &am
455 2422 589 2471 solent
606 2422 764 2469 habere
775 2439 953 2469 omnem
974 2423 1320 2488 peregrinitatem
1333 2460 1348 2481 ‚
1373 2424 1418 2468 &
1439 2439 1528 2468 non
1547 2418 1623 2468 nisi
1634 2419 1700 2468 vel
1713 2437 1790 2485 per
1801 2423 1908 2480 vim,
1930 2437 2005 2470 aut

322 2495 486 2561 magnis
495 2492 630 2542 alleffi
639 2490 878 2538 commodis
887 2506 1000 2547 ,eam
1010 2488 1297 2555 circumspeffl
1305 2491 1528 2539 admittere
1539 2527 1553 2550 ,
1564 2507 1674 2557 aegre
1686 2502 1829 2537 autem
1840 2491 1915 2539 diu
1933 2505 2002 2539 to-

322 2560 464 2611 letare.

392 2636 580 2679 Venerat
589 2632 806 2679 Bataviam
818 2632 937 2687 Javae
946 2630 1160 2677 Martinus
1170 2631 1397 2678 Martinius
1405 2627 1565 2698 Jesuita
1574 2664 1587 2688 ‚
1608 2629 1843 2693 Mikaffizm
1863 2647 1918 2676 eo
1929 2630 2000 2678 ad-

323 2700 479 2753 vefius,
488 2704 561 2764 qui
572 2719 646 2766 per
658 2701 916 2748 decennium
926 2697 1173 2748 Christianae
1184 2700 1285 2749 fidei
1298 2698 1586 2767 propagandae
1593 2714 1699 2764 ergo
1708 2699 1870 2745 ibidem
1882 2717 1999 2747 com-

323 2782 508 2815 moratus
521 2803 533 2826 ,
552 2787 650 2816 cum
667 2769 864 2818 retulisse-t
882 2769 976 2835 post
995 2771 1215 2837 ingentem
1229 2768 1466 2817 Sinensium
1487 2768 1825 2815 internecionem
1844 2769 1996 2818 Tarta-

325 2854 392 2883 ros
409 2839 506 2884 Sina
522 2874 533 2893 ‚
555 2855 790 2905 eorumque
803 2840 1023 2888 Chamum
1031 2842 1218 2905 Imperio
1230 2840 1384 2905 potiri,
1406 2840 1452 2886 &
1469 2837 1657 2903 (tamdiu
1674 2837 1696 2883 :i
1712 2839 1872 2884 Batavis
1891 2837 1995 2886 desi-

326 2903 538 2970 deratam)
548 2913 798 2958 commercia
811 2923 959 2957 mutua
972 2909 1268 2958 exercentibus
1284 2911 1328 2956 in
1345 2907 1452 2955 urbe
1462 2907 1703 2973 Kantonenfi
1709 2905 1885 2957 liberam
1896 2926 1995 2973 por-

327 2989 435 3033 tam,
456 2977 513 3022 ita
531 2987 578 3022 ut
597 2976 796 3024 omnibus
814 2979 904 3041 jam
916 2978 1040 3027 liceat
1049 2979 1249 3047 gentibus
1260 2976 1416 3043 absque
1427 2976 1742 3042 impedimento
1751 2993 1992 3024 commeare

328 3047 371 3091 in
385 3045 527 3094 Sinam
540 3079 554 3100 ,
573 3042 729 3109 suaque
749 3047 922 3097 trafitarc
932 3051 1107 3116 negotia
1118 3085 1131 3109 ,
1152 3051 1326 3097 Senatus
1336 3045 1668 3113 praetentandam
1685 3047 1783 3095 navi
1796 3064 1850 3094 ex
1859 3044 1991 3094 insula

1807 3113 1990 3169 Ἑτὲαναη,
