2114 3412
101 1672 221 1714 *l‘aiping

80 1715 209 1746 transve-

79 1757 196 1788 huntur.

116 1960 209 1988 Mons

82 2000 246 2031 Tiemnuen.

114 2165 210 2214 Insula

86 2212 172 2241 Htao.

264 119 338 167 90
424 102 564 159 ‘Pars
591 96 637 156 Ι.
660 94 841 177 Legat.
862 94 986 153 fBac.
1006 88 1240 158 adffl‘.
1257 85 1412 149 Tart.
1434 92 1619 172 Sinaeq.
1642 85 1808 150 Cham.

267 1545 339 1578 aut
358 1530 544 1578 vendere
572 1525 682 1574 licet.
720 1529 864 1575 Etiam
888 1525 1184 1594 Lampadibus
1216 1528 1461 1595 omnigenae
1484 1527 1788 1595 magnitudinis
1816 1527 1954 1577 confi-

269 1601 428 1648 ciendis
438 1597 622 1646 celebres
634 1596 859 1647 habentur.

337 1675 509 1727 Qiarto
525 1665 634 1730 Maji
655 1670 822 1717 tertiam
844 1669 1063 1735 Nankingae
1074 1669 1313 1718 Civitatem
1335 1670 1380 1716 T
1393 1671 1435 1717 A
1449 1671 1470 1716 I
1482 1670 1525 1716 T
1540 1672 1587 1717 O
1602 1670 1648 1716 N
1666 1670 1712 1716 G
1724 1708 1738 1730 ‚
1755 1687 1850 1735 quae
1867 1667 1954 1717 aliis

266 1739 427 1805 Taiping
449 1738 708 1806 praetervetffi
719 1740 955 1806 nonaginta
972 1738 1027 1787 ab
1044 1738 1132 1804 Usu
1144 1742 1208 1802 Ly
1225 1739 1278 1788 ad
1290 1739 1482 1788 dextram
1493 1741 1658 1806 Kiangae
1667 1741 1804 1805 ripam
1823 1740 1868 1787 in
1890 1741 1954 1788 in-

264 1809 349 1858 sula
368 1847 379 1870 ,
399 1827 528 1875 quam
542 1809 704 1856 flumen
723 1808 822 1858 facit
843 1807 1221 1875 ambitque,fitam.
1257 1808 1408 1857 Solum
1429 1811 1474 1858 in
1494 1824 1663 1858 montes
1672 1809 1953 1876 planitiesque

266 1898 385 1946 aeque
394 1878 586 1938 effusum,
597 1880 643 1926 8<
655 1877 886 1945 respondet
896 1879 1085 1929 fertilitas
1093 1897 1293 1947 agrorum
1305 1879 1450 1927 coloni
1462 1877 1680 1929 industria.

337 1950 413 1997 Ad
435 1946 767 2013 Notapeliotem
787 1951 913 2014 hujus
932 1951 1113 1997 civitatis
1124 1984 1136 2007 ,
1159 1968 1253 2015 quae
1264 1949 1433 1996 duobus
1442 1950 1633 2015 paffuum
1650 1947 1953 1998 millibusintra

269 2017 387 2067 fluvii
401 2021 536 2083 ripam
547 2030 714 2065 remota
720 2020 848 2082 jacet,
858 2019 964 2066 altus
973 2019 1156 2066 eminuit
1166 2036 1289 2065 mons
1303 2020 1504 2066 Tiemnuen
1514 2056 1526 2079 ,
1541 2016 1658 2084 quasi
1671 2019 1844 2066 Coelorum
1857 2020 1953 2066 Por-

268 2105 346 2135 tam
366 2089 477 2137 dicas
489 2124 501 2145 ,
519 2086 641 2152 quod
652 2086 831 2154 Kingus
844 2090 953 2136 inter
973 2087 1082 2136 duos
1098 2088 1190 2151 ejus
1208 2087 1352 2147 colles,
1364 2087 1482 2136 velut
1489 2102 1659 2154 portam
1673 2123 1687 2144 ,
1706 2086 1950 2154 perlabitur.

270 2158 428 2207 Medio
440 2158 627 2205 fluminis
638 2159 682 2205 8<
697 2160 721 2206 ὲ
732 2160 910 2225 regione
921 2156 1116 2224 Taitongae
1127 2156 1257 2206 insula
1270 2159 1379 2216 Hmo
1394 2194 1406 2217 ,
1422 2157 1521 2206 {axo
1535 2159 1667 2205 unico
1678 2157 1800 2206 instar
1810 2160 1953 2224 pumi-

215 2244 222 2249 ’
271 2230 328 2275 cis
336 2227 540 2276 constans.
569 2227 603 2273 F
605 2227 866 2276 oraminosus
874 2230 928 2288 is,
947 2229 993 2276 &
1005 2226 1204 2293 frequens
1214 2227 1468 2276 notstuarum
1480 2261 1494 2282 ,
1517 2228 1634 2275 unde
1642 2230 1752 2278 Hiao
1762 2229 1801 2276 ei
1814 2229 1954 2277 Sinice

274 2316 450 2346 nomen.

346 2367 496 2416 Versus
513 2364 843 2431 Notapeliotem
863 2384 979 2414 mare
1000 2364 1181 2432 Tanyang
1196 2379 1489 2414 trecentorum
1512 2365 1743 2414 stadiorum
1764 2365 1951 2422 ambitu,

275 2439 392 2485 unde
403 2439 556 2503 irrigua
568 2433 657 2496 ejus
667 2472 679 2495 ‚
703 2438 747 2484 8<
757 2436 907 2503 IQangi
917 2436 1037 2501 aquis
1049 2448 1139 2484 tota
1152 2434 1219 2483 illa
1230 2438 1351 2504 regio
1362 2435 1558 2484 ubertate
1569 2453 1768 2502 agrorum
1778 2435 1954 2484 exultat.

277 2505 402 2555 Olim
427 2507 654 2553 florentem
676 2519 910 2554 mercatura
922 2540 936 2561 ,
953 2522 1205 2571 quanquam
1228 2504 1396 2572 longius
1416 2505 1595 2553 flumine
1609 2505 1788 2552 diffitam
1812 2542 1825 2564 ,
1859 2503 1953 2552 infi-

278 2594 496 2643 gnemque
506 2573 625 2622 fuisse
636 2573 786 2622 urbem
801 2577 909 2624 Sinae
920 2575 1160 2624 referebant
1181 2595 1191 2620 ε
1212 2578 1377 2623 Verum
1390 2577 1591 2623 Tartaros
1602 2592 1692 2621 non
1704 2592 1787 2621 una
1798 2573 1864 2621 illa
1878 2593 1952 2622 ex-

278 2640 547 2712 pugnatione
564 2645 609 2691 in
620 2642 893 2692 solitudinem
904 2644 1116 2709 redegisse.
1156 2646 1265 2694 Tres
1285 2644 1425 2695 adhuc
1437 2658 1566 2694 turres
1575 2643 1800 2710 spe&anda
1811 2643 1955 2693 altitn-

282 2714 381 2762 dine
399 2714 576 2781 priscam
596 2712 797 2763 testantur
820 2712 1196 2781 magnificentiam.

1809 3055 1956 3099 PARS
