2114 3412
342 123 409 182 ad
418 126 728 209 Magnum
748 122 1003 184 Tartariae
1018 125 1241 207 Sinaeque
1257 123 1512 203 Chammn.
1653 148 1674 186 1
1683 151 1714 195 7
1723 152 1744 189 1

87 231 278 277 nieorum
293 227 580 295 longitudine,
599 229 723 275 initio
737 227 849 275 fa&o
862 229 883 275 a
898 232 1096 292 Leaotung
1108 232 1153 276 8<
1165 229 1326 289 Korea,
1345 230 1420 277 ubi
1432 232 1584 278 fluvius
1595 232 1675 278 leo
1689 251 1745 280 ex

88 299 276 346 Tartaria
298 298 470 344 influit.
502 298 601 344 hinc
620 297 753 361 ulque
773 297 826 343 ad
848 296 997 343 urbem
1019 301 1320 364 KinRegionis
1334 328 1360 346 A
1369 299 1465 363 ⁷⁶73st
1481 299 1592 347 lecus
1607 303 1742 366 ripam

89 367 397 415 Ooceifiuminis
416 366 468 412 ad
491 367 777 413 Occidentem
791 383 880 413 non
902 366 1011 413 recta
1025 365 1310 432 semperledi
1283 366 1311 413 Γ
1314 382 1473 414 nuatim
1488 387 1742 435 ,nunquam

85 450 226 484 tamen
240 436 440 500 abruptus
450 468 463 488 ,
486 438 695 482 continuo
721 434 853 481 tractu
869 437 1101 499 porrigitur
1146 439 1194 481 ln
1205 436 1369 502 Peltingi
1379 439 1494 500 apud
1507 441 1743 487 munimen-

84 520 176 554 tum
191 508 252 552 H
250 505 342 569 niglo
355 502 529 550 Boreale
541 502 667 562 latus,
677 506 721 551 &
733 502 945 551 limitanea
957 512 1021 555 X
1022 503 1097 570 eust
1100 502 1171 551 altr
1183 507 1227 551 &
1238 506 1426 552 inacceffi
1438 520 1604 553 montes
1615 509 1741 555 inter-

83 574 255 630 cedunt,
270 576 314 620 &
325 572 437 638 apud
449 575 614 619 (roceum
626 574 804 620 fluvium
823 576 881 620 H
880 593 908 618 ο
900 592 971 639 mg
983 571 1098 637 quasi
1087 572 1293 620 idissecf’cus
1304 589 1487 638 apparet.
1503 578 1608 621 Sunt
1619 579 1662 623 &
1676 577 1741 624 alii

83 644 200 710 parvi
212 644 383 705 rivi‚qui
397 659 494 688 eum
510 660 586 705 per
594 660 707 689 arcus
717 639 982 689 transmeant.
1018 644 1183 688 Caetera
1194 642 1387 706 aequalis,
1407 645 1451 690 &
1465 646 1586 690 unius
1598 646 1740 705 etiam,
1747 668 1750 671 ¹

82 712 155 761 ubl
165 725 353 769 montes
373 709 601 758 altitudinis
613 748 624 770 ‚
643 712 810 776 triginta
823 700 1087 765 cubitorum,
1099 709 1166 758 vel
1179 712 1430 779 quadragint
1433 732 1454 759 a
1465 714 1656 777 quinque
1667 733 1740 777 pe-

81 783 208 830 dum·
222 780 446 826 duodecim
451 782 509 838 ,ἃ
521 778 663 845 laepius
674 780 915 857 quindecim
927 780 1167 827 cubitorum
1178 779 1201 825 l
1194 781 1413 829 {titudine
1433 784 1546 828 Hinc
1557 781 1656 828 inde
1667 801 1740 831 ex-

80 849 193 897 celsae
203 851 399 907 turres,&
411 848 584 913 speculae
598 851 727 914 portis
737 849 792 894 Γ
754 867 814 895 uis
829 851 1002 913 perviae,
1012 852 1058 896 &
1069 851 1331 897 munimenta
1341 850 1592 898 habitationi
1603 851 1735 915 praesi-

81 920 248 967 diorum
260 954 270 975 ‚
280 931 371 964 tum
383 918 489 965 hosti
503 917 787 995 propullando
798 918 965 965 idonea.
1000 920 1156 965 Decies
1167 933 1345 966 centena
1357 918 1538 967 militum
1551 920 1679 967 millia
1690 923 1736 969 Sc

80 988 181 1035 olim
195 990 238 1034 8<
251 986 463 1033 hodiesub
474 990 539 1033 M
541 1006 622 1051 zano
636 987 695 1036 Ch
696 1005 767 1033 vno
780 988 820 1033 in
825 1005 889 1037 eo
899 986 1096 1034 custodiae
1114 1005 1217 1054 ergo
1237 987 1524 1036 sustentantur.
1558 992 1738 1053 Impera—

79 1074 147 1106 tor
155 1061 230 1108 X
218 1075 274 1103 tus
285 1058 442 1120 primus
452 1059 556 1103 tanti
567 1058 703 1121 operis
715 1073 817 1120 pace
830 1054 1030 1120 belloque
1041 1056 1199 1114 andos,
1208 1075 1300 1121 quae
1312 1056 1434 1122 pulsis
1446 1060 1656 1105 Tartaris
1642 1078 1664 1106 e
1678 1058 1736 1106 fa-

77 1125 193 1174 milia
216 1121 349 1186 Chevz
369 1123 505 1172 deleta
525 1123 962 1190 annolmpernvmes
966 1143 1063 1179 mo
1082 1125 1297 1173 ducentes
1288 1144 1373 1172 mo
1385 1126 1663 1194 qulnquages
1665 1145 1738 1174 mo

79 1209 177 1243 ante
197 1193 449 1248 Christum,
468 1195 763 1259 quinquennio
782 1196 944 1260 ingenti
967 1194 1191 1240 hominum
1208 1194 1483 1242 multitudine
1503 1181 1739 1251 laborante,

79 1278 247 1313 tanturn
268 1281 376 1328 opus
397 1261 598 1322 absolvit,
621 1282 676 1311 ex
696 1264 870 1311 denario
891 1267 984 1311 tota
1007 1264 1107 1311 Sina
1119 1278 1198 1310 tres
1209 1261 1397 1330 seligens.
1431 1263 1522 1329 Ipse
1533 1283 1674 1311 murus
1684 1284 1741 1313 ex

80 1333 191 1382 filice
211 1335 256 1380 &
276 1333 375 1379 saxo
393 1335 441 1380 6ἓι
464 1301 682 1391 firmit'ate,
703 1347 750 1379 ut
762 1331 875 1379 nulla
885 1334 989 1380 rima
1001 1346 1222 1398 appareat,
1243 1331 1410 1398 capitali
1422 1334 1464 1380 in
1477 1351 1576 1380 eum
1587 1332 1744 1399 suppli-

79 1405 150 1450 cio
160 1402 389 1449 constituto
401 1439 413 1461 ,
432 1403 550 1465 cujus
570 1400 714 1449 labore
736 1403 793 1448 ita
816 1401 1064 1459 dehisceret,
1080 1415 1128 1448 ut
1146 1400 1286 1449 clavus
1297 1403 1410 1468 adigi
1424 1403 1568 1466 pollet.
1604 1404 1744 1467 Apud

81 1475 282 1536 Leaottmg
301 1473 344 1517 in
367 1470 502 1536 ipsum
525 1488 638 1518 mare
647 1489 721 1536 per
732 1469 894 1534 aliquot
912 1468 1102 1535 passuum
1111 1468 1259 1528 millia,
1282 1470 1478 1530 navibus,
1501 1471 1665 1519 ferro&
1678 1489 1744 1518 ru-

82 1542 183 1589 dere
195 1538 409 1587 saburratis
418 1541 599 1599 innixus,
609 1539 886 1604 protenditur.
923 1540 998 1586 De
1008 1556 1099 1604 quo
1112 1540 1168 1586 ita
1182 1541 1369 1597 Gonzales
1378 1554 1495 1604 parte
1505 1542 1640 1604 prima
1650 1539 1746 1587 libri

82 1611 231 1677 primi,
256 1611 395 1673 capite
415 1626 546 1656 nonO.
590 1610 736 1674 Regni
754 1607 860 1655 latus
879 1625 1019 1655 murus
1038 1610 1362 1674 quingentarum
1381 1608 1593 1656 leucarum
1613 1611 1746 1675 cingit

82 1682 191 1727 inter
200 1677 410 1725 altiffimos
429 1691 595 1725 montes
616 1677 670 1724 ab
689 1678 935 1725 Occidente
955 1679 998 1723 in
1020 1679 1248 1725 Orientem
1270 1695 1428 1745 magno
1447 1679 1564 1726 flexu
1576 1697 1746 1744 procur-

83 1767 188 1798 rens.
210 1746 333 1793 lllum
346 1749 443 1794 Rex
459 1745 669 1809 Tzintzom
682 1745 798 1794 bello
811 1748 834 1794 a
846 1748 1030 1794 Tartaris
1039 1745 1251 1794 infestatus
1263 1746 1353 1794 fieri
1366 1749 1593 1795 mandavit.
1607 1750 1746 1795 Scien-

84 1819 188 1866 dum
201 1834 302 1863 vero
320 1817 644 1881 quadringentas
665 1815 800 1862 leucas
819 1830 976 1863 naturae
997 1830 1164 1863 montes
1184 1829 1429 1881 opportune
1452 1815 1632 1865 elevanti
1650 1835 1747 1864 cen-

83 1900 176 1935 turn
196 1886 428 1939 duntaxat,
448 1884 624 1950 reliquas
648 1886 837 1932 humano
859 1884 993 1932 labori
1012 1884 1195 1944 debere3
1219 1900 1294 1947 per
1315 1903 1415 1951 quas
1428 1903 1568 1933 murus
1580 1900 1747 1933 montes

85 1956 323 2021 conjungit.
360 1956 502 2022 Surgit
519 1957 564 2002 &
583 1954 823 2018 completur
831 1973 884 2001 ex
898 1953 1287 2020 solidissimolapide
1297 1989 1310 2009 ,
1327 1954 1550 2002 altitudine
1562 1955 1749 2002 &craffi-

84 2028 143 2072 tie
155 2023 333 2089 aequalis.
367 2026 470 2071 Haec
482 2023 759 2089 quadraginta
771 2022 955 2070 duorum
967 2022 1024 2070 est
1033 2023 1207 2087 pedum.
1243 2027 1370 2089 Opus
1391 2023 1568 2070 arduum
1587 2041 1748 2091 magno

81 2093 346 2141 subditorum
361 2109 492 2140 onere
502 2095 600 2139 Rex
616 2094 798 2140 tentavit
808 2127 821 2146 ,
841 2110 997 2159 cogens
1015 2093 1071 2140 ad
1083 2091 1186 2140 illud
1198 2111 1253 2139 ex
1265 2093 1396 2139 tribus
1408 2092 1583 2140 subditis
1593 2111 1746 2153 unum,

85 2181 139 2211 ex
149 2164 341 2228 quinque
352 2162 472 2221 duos,
481 2164 554 2227 qui
568 2164 612 2209 &
624 2160 853 2227 longorum
862 2163 1060 2208 itinerum
1069 2160 1384 2209 difficultatibus
1397 2197 1409 2217 ‚
1431 2163 1477 2208 8<
1500 2164 1600 2209 aeris
1610 2164 1745 2210 varie-

83 2245 171 2280 tate
183 2249 255 2278 om
261 2249 331 2278 nes
341 2248 450 2294 pene
462 2232 690 2295 perierunt,
702 2248 885 2295 quorum
896 2230 1102 2276 mortibus
1113 2233 1254 2278 irritati
1266 2232 1400 2277 caeteri
1411 2232 1670 2277 trucidarunt
1681 2230 1746 2276 su-

85 2301 311 2367 perbiffimi
336 2301 474 2364 operis
493 2299 707 2346 anaorem
729 2316 843 2345 anno
854 2298 1069 2363 Regnisui
1083 2298 1422 2366 quadragesimo,
1444 2298 1614 2364 ejusque
1625 2297 1745 2345 fimul

85 2369 221 2417 filium
242 2370 389 2434 Agrutzi
409 2370 597 2415 nomine.

154 2438 372 2487 Omnibus
388 2435 569 2484 colleStis
586 2435 900 2502 impedimentis
913 2433 1078 2495 eadem,
1096 2454 1178 2515 qua
1192 2454 1438 2485 veneramus
1450 2475 1462 2498 ,
1481 2438 1591 2503 regia
1602 2439 1741 2485 viare-

86 2509 263 2556 deuntes
274 2509 668 2572 utrimquecampos
680 2505 794 2552 flavis
805 2505 1020 2570 pastinacis
1032 2540 1044 2562 ,
1062 2520 1109 2553 ut
1130 2508 1173 2552 in
1196 2506 1539 2555 Nordhollandia
1562 2509 1606 2554 &
1624 2506 1740 2571 apud

86 2577 277 2635 Leidam,
286 2577 478 2624 vidimus.
512 2575 698 2623 N0&e1n
710 2577 752 2621 in
763 2592 874 2639 pago
886 2574 1060 2638 ‘Pekinfin
1070 2574 1340 2642 transegimus
1352 2610 1366 2630 2
1377 2575 1500 2623 altera
1512 2576 1581 2622 die
1593 2575 1744 2622 urbem

87 2644 270 2709 Tngsion
289 2659 607 2711 praetereuntes,
627 2643 720 2710 post
740 2643 960 2690 meridiem
982 2643 1131 2690 urbem
1155 2646 1395 2708 Sanfianwey
1418 2646 1651 2709 attigimuS,
1668 2643 1745 2691 ubi

89 2717 351 2777 Imperatoris
372 2732 498 2762 naves
508 2748 521 2768 ‚
540 2714 693 2780 quibus
712 2712 918 2778 Nankingo
930 2730 1192 2772 veneramus,
1212 2714 1353 2760 adhuc
1362 2715 1545 2761 reditum
1557 2712 1745 2760 nostrum

88 2781 389 2848 praestolantur.
422 2786 575 2831 Nautae
589 2784 755 2848 Legatis
767 2780 914 2847 procul
925 2781 1204 2841 occursantes,
1228 2782 1534 2847 impedimenta
1553 2781 1746 2829 nostrain

91 2850 491 2911 navesdeferebant‚
508 2853 770 2901 Mandarinis
780 2852 1151 2915 quoslmperator,
1173 2866 1220 2898 ut
1229 2849 1452 2911 Kmtonam
1473 2868 1549 2897 nos
1566 2851 1748 2898 deduce-

91 2933 200 2973 rent,
211 2920 356 2966 acriter
366 2919 404 2966 se
415 2920 733 2985 opponentibus
743 2923 787 2968 8<
802 2918 1099 2975 volentibus‚ut
1109 2922 1269 2976 Jonkas
1260 2938 1303 2966 m
1315 2937 1413 2966 eum
1425 2919 1555 2967 finem
1567 2920 1620 2967 de
1632 2938 1750 2967 novo

89 3001 334 3054 praeparatas
343 2988 683 3038 conscenderent.
709 2993 788 3037 Hae
799 2990 929 3046 Jonkae
940 2986 1220 3035 Castellorum
1233 2987 1368 3046 instar,
1379 2988 1540 3036 multis
1532 3002 1642 3036 intus
1650 3007 1752 3036 con-

90 3055 296 3116 clavibus,
312 3056 381 3105 sed
393 3070 478 3105 tam
490 3058 703 3124 profunde
713 3061 758 3108 &
771 3059 892 3124 pigre
905 3058 1020 3123 aquis
1030 3058 1279 3117 innatantes,
1291 3071 1338 3106 ut
1350 3059 1502 3126 Legati
1513 3072 1751 3107 vererentur

1003 3128 1043 3171 Y
1085 3143 1109 3173 2
1708 3127 1756 3171 iis
