2114 3412
161 2191 294 2233 Agricul-

161 2242 234 2279 turae
244 2233 289 2264 di-

158 2284 265 2315 gnitas.

318 137 393 187 42
674 116 816 173 Pars
834 109 1002 170 ultima
1024 108 1310 194 Legationis
1331 108 1595 170 Batavicae

659 291 682 329 s
701 296 934 327 Smmscmz
957 323 960 324 ⁷
1000 282 1172 326 nomm
1205 288 1427 344 η’ἲῡέιῇζσ

606 325 657 365 ss‘
694 337 736 375 δ’
764 335 848 371 ensi
888 355 905 371 ιι
978 335 1151 374 ,Rustici
1175 347 1228 373 et,
1256 336 1510 388 ¹‘illustr-cae.

327 1570 417 1605 tam
431 1554 543 1605 vasta
557 1558 734 1626 regione
748 1558 946 1607 tolerant.
979 1558 1210 1626 Corrigere
1218 1571 1411 1608 naturam
1420 1558 1496 1607 soli
1510 1557 1618 1606 fimo
1628 1559 1675 1607 &
1689 1556 1813 1619 limo,
1828 1557 1991 1610 aridam

327 1628 376 1674 &
395 1625 497 1674 aestu
510 1629 649 1677 nimio
676 1628 868 1677 adustam
890 1630 1063 1696 irrigare
1080 1627 1295 1677 canalibus
1312 1630 1461 1695 paffim
1477 1628 1632 1679 effoffis
1663 1625 1887 1693 (quorum
1908 1626 1990 1677 be·-

327 1696 489 1746 neficio
517 1715 595 1765 per
610 1699 863 1748 Universam
885 1700 1030 1747 Sinam
1047 1697 1103 1746 ab
1121 1700 1242 1747 Ortu
1258 1701 1305 1747 in
1322 1699 1557 1760 Occasum‚
1590 1699 1638 1746 8<
1656 1697 1818 1747 Austro
1850 1700 1898 1746 &
1916 1700 1990 1748 Se-

325 1770 621 1833 ptentrionem
634 1808 648 1830 ,
682 1787 843 1836 magno
867 1782 1154 1817 mercatorum
1187 1770 1429 1818 commodo
1460 1770 1638 1837 navigiis
1665 1781 1785 1835 patet
1815 1767 1992 1836 aditus)

327 1855 457 1903 aquas
477 1856 533 1886 ex
560 1838 760 1905 depreffis
781 1839 885 1887 locis
916 1841 962 1886 in
978 1837 1174 1889 sublimia
1191 1838 1304 1887 facili
1326 1839 1472 1888 labore
1498 1839 1716 1887 transferre
1735 1837 1834 1904 ipsis
1852 1855 1990 1905 expe-

328 1906 480 1957 ditum.
1320 1907 1324 1911 ’

395 1975 579 2023 Rusticae
597 1976 750 2043 caligas
772 1979 883 2025 circa
899 1976 1007 2025 talos
1025 1975 1348 2044 constringunt:
1372 1977 1460 2025 aliae
1479 1994 1535 2023 ex
1553 1977 1689 2043 vulgo
1709 1976 1830 2024 Colo
1854 1975 1927 2024 fila
1943 1976 1990 2022 in

329 2043 510 2110 publico
524 2045 702 2105 ducunt,
717 2061 844 2111 atque
862 2047 962 2094 hinc
980 2045 1141 2094 vicium
1163 2047 1240 2094 fibi
1258 2062 1418 2113 parant.
1455 2046 1689 2111 Digniores
1708 2045 1836 2093 serica
1849 2044 1990 2094 confi*

330 2116 478 2175 ciunt,
512 2114 633 2177 cujus
652 2116 748 2162 artis
765 2116 991 2181 promotio
1023 2117 1078 2162 ab
1094 2117 1367 2181 Imperatrice
1391 2115 1444 2162 ad
1478 2115 1658 2180 reliquas
1686 2115 1878 2163 transsata
1892 2114 1988 2163 fuit.

331 2185 446 2232 Nam
464 2202 564 2232 cum
577 2184 844 2250 superiorum
860 2183 1076 2233 bellorum
1090 2184 1314 2250 tempestas
1341 2203 1431 2233 rem
1446 2186 1646 2250 agrariam
1663 2223 1676 2245 ,
1708 2186 1752 2231 in
1772 2202 1858 2251 qua
1882 2184 1990 2230 Sinis

332 2271 536 2320 magnum
548 2253 600 2301 ad
616 2253 949 2319 Rempublicam
959 2267 1230 2301 momentum
1250 2292 1263 2314 ,
1297 2273 1386 2313 non
1404 2271 1557 2320 parum
1574 2253 1768 2302 affixerat
1789 2273 1799 2300 :
1826 2252 1879 2300 ad
1895 2251 1989 2314 ejus

330 2325 426 2370 artis
445 2323 703 2371 resarcienda
717 2324 871 2372 damna
890 2324 913 2370 ὲ
936 2322 1237 2372 Praefefflorum
1254 2324 1433 2372 consilio
1453 2326 1690 2389 Imperator
1708 2325 1898 2370 animum
1912 2339 1989 2387 ap-

330 2391 496 2456 plicuit.
534 2394 767 2442 Rationem
788 2392 1010 2460 plantandi
1026 2410 1170 2440 moros
1194 2395 1240 2440 8<
1255 2393 1490 2459 bombyces
1505 2392 1713 2441 educendi
1733 2391 1787 2438 ab
1801 2393 1988 2456 Impera-

331 2462 436 2509 trice
452 2468 618 2509 cae'teras
635 2463 828 2510 mulieres
840 2462 931 2522 ejus
944 2461 1150 2527 exemplo
1169 2462 1314 2511 doceri
1335 2465 1488 2520 voluit3
1506 2462 1674 2510 arbores
1691 2462 1737 2508 &
1751 2459 1989 2525 bombyces
2015 2519 2018 2522 Α

331 2534 375 2578 in
396 2532 562 2579 Palatro
580 2530 721 2578 alendi
737 2531 940 2596 peculiari
956 2550 1055 2579 cura
1066 2533 1104 2578 ei
1115 2533 1311 2580 mandata
1324 2572 1337 2592 ‚
1360 2532 1482 2595 cujus
1498 2549 1624 2579 manu
1639 2529 1762 2578 fa&as
1778 2529 1910 2577 vestes
1924 2529 1986 2577 se-

329 2601 432 2648 ricas
456 2601 509 2648 ad
526 2618 617 2648 acra
628 2614 795 2648 tantum
814 2600 1022 2649 adhibuit.
1071 2603 1246 2668 Reginae
1267 2604 1425 2650 intuitu
1448 2618 1555 2649 mox
1577 2599 1805 2647 mulierum
1827 2600 1988 2648 caeteris

330 2669 418 2716 hoc
433 2670 628 2737 aggreffis
642 2669 884 2719 artificium.
917 2670 1009 2736 Ipse
1019 2673 1274 2736 Imperator,
1285 2686 1333 2718 ut
1347 2672 1450 2719 alter
1463 2673 1624 2736 Sejanus·
1632 2669 1900 2735 agriculturae
1912 2667 1989 2716 da-

332 2739 406 2786 bat
422 2757 612 2805 operam.
649 2739 781 2787 Unde
791 2740 850 2786 rei
861 2743 1029 2806 agrariae
1041 2753 1165 2787 tanta:
1178 2740 1294 2805 apud
1311 2742 1431 2788 Sinos
1441 2740 1736 2787 aestimationis.
1772 2740 1884 2786 Hinc
1895 2741 1987 2786 Ru-

332 2806 487 2856 sticalia
504 2850 518 2870 ‚
552 2808 706 2858 festum
724 2811 830 2856 Sinis
850 2809 991 2872 diem,
1019 2827 1149 2875 quem
1168 2811 1360 2860 Hinckun
1376 2823 1531 2857 vocant
1544 2845 1556 2867 ‚
1589 2827 1680 2875 quo
1692 2807 1765 2855 Sol
1781 2807 1988 2855 medium.

332 2878 509 2940 Aquarii
527 2878 763 2945 ingreditur
774 2916 787 2938 ,
809 2882 1021 2945 originem
1040 2878 1252 2946 sumpsisse
1262 2878 1478 2928 credibile.
1512 2880 1635 2927 Licet
1652 2879 1887 2927 etiamnum
1898 2876 1991 2925 haec

331 2960 393 2990 ars
415 2946 438 2992 :i
457 2947 677 2996 vilioribus
696 2962 955 2998 exerceatur.

1694 3127 1985 3173 cavum-
