2114 3412
337 173 401 234 czd
412 174 548 240 ·jld
550 192 724 256 agnum
739 169 994 232 Tartariae
1009 173 1231 257 Sinaeq'ue
1250 171 1495 235 chamum.
1667 196 1705 246 4
1714 199 1736 243 3

332 373 749 450 CAPUT
831 371 1505 452 SEPTrMUM.

144 540 305 658 -De
342 534 949 645 Supeffstitionihm
988 540 1071 619 89³
1109 538 1499 617 Erroribus
1532 541 1655 618 52·-

801 662 1021 745 nenfium.

176 845 191 851 “’
203 832 205 835 ’
218 853 232 877 τ
293 839 413 902 Aput
426 834 563 882 omnis
578 835 881 901 superstitionis
900 838 1112 903 Sinenfium
1128 834 1186 882 est
1202 836 1367 883 dierum
1378 874 1389 896 ,
1404 847 1497 901 quae
1511 835 1736 902 prosperae,

225 941 227 943 .
286 924 378 970 quae
399 902 577 951 adversa:
593 944 608 965 ,
628 906 790 953 curiosa
813 905 1024 955 discretio.
1060 904 1420 953 Astronomorum
1437 905 1481 952 id
1498 907 1738 971 Regiorum

112 960 263 1005 ›1:AE
285 973 496 1022 lucrosum
520 973 768 1034 inventum,
802 977 876 1038 qui
893 975 1361 1036 Calendariaejusmodi
1382 976 1551 1041 ineptiis
1568 973 1740 1034 referta,

97 1042 394 1094 innumerabili
411 1041 683 1090 multitudine
695 1044 901 1108 impressa,
917 1058 1015 1091 toto
1030 1047 1256 1109 quotannis
1269 1047 1456 1110 Imperio
1467 1044 1739 1110 dispergunt,

97 1116 175 1163 ubi
189 1112 358 1179 singulis
375 1110 527 1159 diebus
545 1110 629 1157 hoc
640 1151 652 1172 ,
672 1112 778 1159 illud
790 1150 803 1171 ‚
826 1110 871 1159 8<
892 1113 1119 1177 quomodo
1130 1113 1365 1177 agendum,
1397 1113 1738 1160 omittendumve

97 1182 388 1251 praescribitur.
422 1183 579 1246 Neque
597 1182 830 1247 quicquam
854 1181 1099 1229 inconsultis
1114 1182 1192 1229 illis
1214 1181 1560 1247 praediffionibus
1585 1181 1739 1228 incho-

98 1265 185 1313 ant,
198 1270 285 1300 non
301 1253 394 1310 iter,
401 1267 489 1296 non
499 1248 718 1297 strufiuras
728 1291 742 1311 ,
769 1251 813 1297 8<
824 1264 1043 1315 utcunque
1052 1250 1318 1316 tempestates
1333 1250 1500 1298 seviant
1510 1288 1523 1309 ,
1537 1250 1610 1298 ubi
1622 1251 1741 1308 hora,

97 1328 227 1387 'quam
241 1319 488 1388 prosperam
501 1319 623 1366 arioli
639 1318 876 1386 designant,
892 1322 1023 1379 venit,
1037 1319 1384 1386 proficiscuntur,
1399 1318 1542 1367 saltem
1557 1332 1743 1385 quatuor

97 1390 257 1456 'pedem
272 1389 422 1454 spatio,
432 1402 503 1434 aut
519 1388 689 1435 foveam
705 1391 906 1454 exiguam
920 1387 1094 1436 fodiunt
1114 1409 1123 1435 :
1154 1391 1210 1436 ita
1229 1388 1269 1435 se
1283 1387 1399 1448 justo
1415 1428 1429 1448 ,
1447 1389 1492 1435 &
1508 1388 1617 1436 stato
1633 1402 1740 1436 tem*

98 1477 207 1524 pore
227 1476 337 1523 opus
353 1457 470 1503 suum
483 1456 707 1517 inchoasse,
720 1459 920 1503 &omnia
936 1453 1135 1522 prospere
1150 1456 1316 1516 cessura,
1331 1456 1591 1507 arbitrantes,

166 1529 234 1574 Ex
251 1528 356 1574 hora
369 1526 594 1572 nativitatis
614 1525 828 1573 fortunam
844 1528 974 1572 totius
987 1527 1082 1572 vitaz
1094 1526 1321 1591 praedicere
1336 1562 1348 1584 ‚
1370 1527 1414 1572 &
1435 1528 1627 1591 angurari
1645 1524 1741 1589 ipsis

97 1596 291 1644 solenne:
311 1594 426 1641 unde
437 1596 582 1660 ingens
598 1597 923 1644 Genethliacorum
939 1594 1187 1645 multitudo
1225 1594 1313 1643 Alii
1332 1610 1388 1643 ex
1408 1592 1546 1642 verbis
1565 1591 1741 1659 quibus-

97 1666 198 1714 dam
212 1668 322 1712 inter
337 1663 619 1728 loquendum,
635 1664 820 1729 positura
836 1664 1409 1730 corporis,seffione,aliisque
1425 1663 1742 1712 circumstantiis

97 1735 239 1784 {utura
257 1732 520 1799 praesagiunt.
574 1735 724 1799 Ingens
749 1726 847 1782 h'inc
861 1732 992 1793 fraus,
1024 1733 1135 1782 facili
1158 1733 1211 1780 ad
1236 1733 1519 1798 deceptorum
1543 1733 1741 1781 versutias

98 1803 376 1869 simplicitate.
410 1801 650 1867 Explorant
665 1803 940 1868 impostores,
964 1805 1162 1862 nomina,
1184 1804 1230 1849 &
1248 1802 1543 1850 conditionem
1559 1800 1742 1868 singula-

96 1890 193 1921 rum
209 1875 338 1920 etiam
351 1869 481 1937 longe
492 1884 751 1919 remotarum
759 1871 1028 1933 familiarum,
1046 1875 1091 1920 &
1101 1870 1218 1937 quasi
1232 1890 1288 1919 ex
1298 1870 1424 1930 astris,
1436 1885 1509 1918 aut
1522 1884 1623 1931 arte,
1631 1871 1741 1935 quid

96 1942 180 1990 illis
190 1942 265 1988 diu
276 1955 372 1988 ante
388 1940 620 2005 contigerit
630 1980 642 1999 ,
653 1956 844 1989 enarrant
864 1961 872 1986 :
902 1941 1002 1989 hinc
1013 1941 1255 1989 futurorum
1264 1958 1441 2006 quoque
1452 1942 1650 1988 notitiam
1662 1940 1741 1988 illis

97 2010 266 2060 credula
283 2009 522 2074 simplicitas
532 2008 738 2057 adscribit.
772 2010 893 2057 Fides
911 2010 1174 2075 praediffioni
1184 2012 1341 2057 tributa
1358 2008 1616 2075 phantasiam
1629 2008 1740 2058 adeo
1757 2055 1786 2087 V
1853 2054 1870 2085 s

98 2093 305 2145 occupat,
318 2093 366 2125 ut
384 2096 440 2125 ex
458 2078 545 2126 sola
559 2079 915 2145 imaginationem
930 2078 1104 2127 morbos
1118 2119 1130 2139 ,
1160 2094 1269 2144 quos
1286 2093 1401 2126 vates
1420 2079 1643 2143 praedixit,
1666 2092 1738 2127 aut
1755 2064 1899 2143 peisti&

97 2150 175 2196 alia
184 2148 293 2195 mala
308 2147 499 2195 labantur
508 2147 612 2214 saepe
624 2166 721 2194 cum
734 2150 829 2195 vitae
845 2147 1049 2214 periculo.
1069 2148 1116 2195 Id
1133 2148 1344 2214 peculiare
1354 2146 1736 2212 Sinensibus,quod
1754 2149 1781 2168 ¹⁰
1793 2136 1899 2167 ἀρῶ·

1755 2188 1814 2208 one
1823 2177 1906 2207 loco-

97 2219 191 2265 loca
200 2217 402 2264 struendis
413 2214 572 2263 aedibus
584 2254 596 2275 ,
609 2231 681 2263 aut
699 2216 926 2281 sepulchris
944 2216 1075 2264 fausta
1092 2255 1104 2276 ,
1132 2216 1199 2264 vel
1212 2217 1389 2264 infausta
1404 2240 1416 2276 3
1453 2219 1541 2263 imo
1564 2219 1663 2264 totis
1674 2215 1735 2262 fa-
1751 2217 1898 2290 ‘uff’sssil

96 2286 220 2334 miliis
237 2323 249 2344 ,
266 2286 519 2342 Provinciis,
547 2303 595 2331 ac
610 2287 795 2349 Imperio
812 2286 951 2332 fatalia
965 2286 1045 2331 effe
1056 2299 1209 2350 putant
1217 2303 1298 2348 pro
1309 2287 1560 2332 Draconum
1575 2285 1734 2331 subter·
1752 2269 1904 2340 {pil'ciifa

97 2373 320 2404 raneorum
337 2353 523 2419 positura
537 2355 682 2417 capitis
694 2354 880 2411 ,caudae,
891 2353 1064 2418 pedum,
1103 2355 1215 2400 Hinc
1234 2354 1400 2417 quoties
1426 2352 1615 2417 publicas
1630 2351 1733 2400 stru·
1751 2341 1873 2378 stmum'

98 2424 229 2472 &uras
245 2424 494 2481 moliuntur,
502 2421 792 2469 studiosissime
807 2422 942 2469 fatum
962 2421 1044 2469 loci
1060 2440 1136 2486 per
1145 2422 1294 2469 talium
1308 2424 1466 2486 peritos
1481 2421 1611 2487 longe
1631 2439 1736 2469 con-

98 2493 271 2559 quisitos
294 2491 508 2557 explorari
528 2505 685 2539 curant.
725 2492 785 2538 Ut
801 2493 915 2537 enim
933 2490 1149 2556 Astrologi
1169 2509 1223 2538 ex
1242 2490 1321 2537 situ
1347 2489 1558 2537 stellarum
1583 2510 1592 2535 :
1616 2492 1672 2537 ita
1691 2491 1735 2536 hi

97 2580 153 2612 ex
170 2562 356 2628 positura
372 2562 584 2607 montium
599 2597 612 2619 ,
645 2560 766 2606 fluxu
785 2559 1014 2607 fluviorum
1025 2562 1292 2626 ,Regionum
1304 2558 1382 2606 fitu
1392 2559 1475 2606 fata
1485 2558 1734 2623 dispensant.

99 2633 277 2700 Januam
294 2632 379 2678 hoc
389 2630 457 2677 vel
473 2630 549 2676 illo
567 2629 694 2676 latere
704 2628 913 2675 collocare
928 2647 1077 2693 ,aquas
1091 2627 1357 2677 dextrorsum
1373 2641 1445 2675 aut
1462 2627 1737 2677 sinistrorsum

98 2701 268 2760 ducere,
280 2698 472 2747 fenestras
488 2713 610 2746 extus
627 2699 693 2744 vel
710 2699 819 2744 intus
829 2699 988 2761 aperire
999 2700 1179 2757 ‚tefium
1193 2696 1409 2744 sublimius
1427 2696 1561 2744 altero
1575 2695 1735 2757 locare,

98 2769 145 2816 id
156 2786 256 2816 vero
267 2768 389 2816 fatale
408 2769 452 2814 &
465 2767 800 2832 peremptorium
821 2779 984 2830 putant.

168 2840 334 2884 Omnes
348 2837 519 2901 plateae,
536 2838 727 2901 compita
738 2874 750 2895 ,
768 2837 1014 2901 angiportus
1027 2835 1139 2894 ,fora
1158 2834 1306 2881 talium
1318 2834 1600 2900 impostorum
1609 2837 1737 2900 copia

101 2905 339 2963 abundant,
371 2922 449 2951 nec
460 2907 536 2952 viri
551 2906 709 2966 modo,
743 2921 891 2952 verum
910 2907 1035 2952 etiam
1054 2903 1310 2951 mulierculae
1326 2903 1467 2951 futura
1480 2904 1736 2968 praedicunt,

101 2974 213 3023 facili
232 2992 310 3038 per
325 2973 580 3021 vaniffimam
596 2988 728 3021 artem
760 2993 849 3021 non
873 2972 926 3018 ad
950 2972 1107 3019 vietum
1129 2971 1289 3030 modo,
1322 2990 1468 3020 verum
1487 2975 1615 3020 etiam
1629 2990 1735 3038 opes

101 3042 377 3108 compendio,
386 3040 480 3106 ipsis
493 3043 704 3108 Regibus,
718 3045 763 3091 8<
778 3040 1027 3107 Magistratu
1038 3042 1138 3088 huic
1149 3043 1321 3088 vanitati
1337 3043 1543 3090 mirumin
1559 3042 1741 3091 modum

103 3111 289 3161 addiffis.
327 3112 438 3159 Huic
456 3110 560 3159 nihil
582 3126 666 3160 tam
683 3111 1060 3175 fortuitum,quod
1076 3128 1163 3157 non
1184 3111 1226 3157 in
1237 3129 1365 3161 omen
1380 3114 1565 3179 rapiant,
1599 3112 1743 3158 avium

1090 3178 1114 3226 f
1141 3196 1164 3226 2
1617 3192 1745 3225 occu-
