2114 3412
27 412 37 642 α..ψ....,...,-
40 381 43 383 v
31 311 44 331 ,¹
36 246 43 251 N

62 474 65 475 ¹
54 292 56 295 ⁴
63 257 71 275 ,α

370 143 435 201 ad
444 145 756 227 Qsssfzgnum
772 143 1027 205 {Tartara
1043 150 1266 230 Sinaeque
1281 149 1538 228 ζῖηιήῑιωη,
1677 177 1698 213 1
1710 172 1734 216 8
1746 178 1767 215 1

1360 255 1459 281 Ἣ;ξν,,ἷ;
1478 256 1494 265 :
1507 262 1545 278 jas,
1548 262 1610 266 .—

104 1502 283 1552 fuissent.
325 1501 505 1551 insulani
524 1515 622 1550 ante
643 1502 967 1568 quatuordecim
987 1501 1075 1549 dies
1106 1501 1295 1571 Jonkam
1315 1506 1528 1553 Bataviam
1548 1505 1684 1555 versus
1717 1511 1763 1557 &

105 1587 205 1621 ante
216 1574 490 1636 quatriduum
510 1571 633 1619 aliam
655 1589 854 1639 magnam
876 1572 1042 1625 navim,
1062 1573 1269 1620 incertum
1293 1575 1410 1621 unde
1423 1611 1436 1634 ,
1453 1576 1765 1639 praeterveciam

106 1640 351 1693 referebant,
393 1644 454 1689 Ita
464 1654 594 1688 vento
611 1640 941 1706 Barrapeliotem
963 1640 1119 1700 flante,
1137 1641 1302 1689 cursum
1323 1642 1510 1690 nostrum
1532 1645 1585 1691 ad
1597 1644 1766 1694 Austra—

106 1708 194 1759 lem
227 1709 554 1776 Notapeliotem
596 1712 892 1758 continuamus
920 1746 933 1769 ,
975 1712 1078 1757 mari
1106 1712 1256 1776 viginti
1289 1710 1449 1777 septem
1483 1730 1633 1780 orgyas
1666 1732 1765 1780 pro-

105 1780 257 1828 fundo.

177 1851 267 1896 vix
286 1846 416 1895 insula
444 1848 532 1895 haec
548 1866 604 1895 ex
623 1846 753 1895 oculis
771 1845 949 1905 sublata,
970 1865 1069 1895 cum
1087 1850 1248 1916 integra
1268 1851 1463 1898 examina
1486 1852 1583 1898 VO
1598 1853 1637 1897 L
1649 1857 1687 1900 A
1703 1856 1766 1900 Na

107 1918 152 1975 T
165 1920 238 1967 IU
249 1920 305 1965 M
340 1919 397 1963 Pl
411 1916 437 1962 S
452 1918 520 1964 CI
532 1920 576 1967 U
588 1920 644 1965 M
676 1935 732 1965 ex
748 1934 858 1981 aqua
877 1915 1177 1966 subsilientium
1198 1921 1244 1966 8<
1265 1936 1341 1981 per
1349 1922 1486 1966 aerem
1499 1917 1768 1970 volitantium

108 1986 398 2035 occurrebant.
443 1988 504 2033 Hi
525 1984 653 2052 pisces
675 1987 766 2034 cavi
786 1988 832 2033 &
854 1986 1027 2033 rotundi
1047 2020 1061 2040 ‚
1087 1985 1359 2055 longitudine
1379 1986 1615 2051 majusculae
1636 2007 1769 2056 apuae,

110 2054 189 2104 alas
197 2055 318 2103 instar
330 2054 630 2120 vespertilionis
640 2053 800 2103 habent
808 2090 820 2113 ,
839 2072 932 2119 quae
954 2053 1029 2103 sub
1039 2057 1156 2120 aquis
1165 2056 1403 2104 natantibus
1412 2059 1634 2122 pinnarum
1647 2057 1769 2108 instar

109 2124 371 2190 dependent.
405 2120 543 2172 Cibus
561 2122 740 2172 aliorum
749 2122 924 2190 piscium
938 2160 950 2183 ,
968 2126 1172 2190 imprimis
1182 2127 1452 2173 Toninarum
1461 2126 1556 2174 sunt
1568 2128 1613 2174 8<
1625 2130 1768 2176 avium

108 2195 425 2252 maritimarum,
434 2211 527 2258 quae
535 2210 601 2241 eas
610 2207 821 2259 perpetuo
835 2193 1105 2254 comitantur,
1115 2195 1160 2242 &
1172 2198 1287 2260 aquis
1297 2195 1466 2261 egressas
1475 2214 1554 2261 pro
1563 2194 1652 2243 esca
1662 2197 1768 2244 abri-

110 2277 246 2329 piunt.

177 2335 414 2396 Nunquam
425 2327 520 2376 solae
541 2341 711 2389 natant,
730 2328 801 2377 sed
824 2329 1256 2395 agminatimdegunt.
1291 2330 1466 2386 Pisces&
1481 2330 1770 2398 quibusappe-

110 2414 256 2449 tuntur
274 2400 518 2458 sentientes,
538 2396 605 2445 vel
625 2411 772 2445 natatu
788 2397 1000 2462 effugiunt
1014 2435 1027 2456 ,
1050 2396 1116 2444 vel
1135 2397 1280 2445 volatu
1300 2412 1413 2447 tanta
1424 2401 1549 2465 copia
1561 2436 1574 2458 ,
1593 2414 1639 2448 ut
1660 2400 1770 2466 [sepe

112 2472 185 2518 vix
203 2487 329 2535 aquas
346 2470 490 2517 videre
511 2467 647 2533 poffi8.
688 2467 765 2514 Ad
775 2466 939 2513 dimidii
959 2464 1056 2513 mali
1067 2466 1194 2513 nostri
1205 2466 1470 2516 altitudinem
1480 2467 1624 2517 volatu
1635 2468 1771 2516 ascen·

113 2539 270 2586 debant
288 2571 301 2592 ‚
330 2537 402 2586 sed
424 2539 496 2586 vix
518 2540 561 2584 in
589 2535 905 2603 longitudinem
921 2549 1094 2581 centum
1111 2538 1156 2583 &
1178 2538 1488 2603 quinquaginta
1508 2537 1639 2602 passus
1655 2552 1773 2585 extra

113 2625 237 2672 aquas
255 2608 455 2674 progredi
475 2606 645 2671 possunt
679 2623 689 2649 :
727 2622 826 2652 nam
837 2606 937 2669 quia
953 2602 1025 2651 alis
1041 2621 1130 2652 non
1151 2603 1225 2651 nisi
1239 2605 1422 2654 humidis
1438 2606 1580 2652 volare
1589 2605 1775 2670 poffunt,

115 2678 161 2722 8<
172 2674 248 2722 illae
259 2674 364 2723 Solis
373 2675 521 2723 ardore
530 2693 636 2722 mox
649 2673 849 2721 siccantur
861 2709 873 2732 ‚
894 2690 1007 2720 mare
1017 2671 1094 2719 illis
1104 2673 1248 2721 denuo
1263 2674 1551 2723 hume&andis
1560 2688 1772 2739 repetunt.

116 2743 297 2791 Nullum
321 2745 408 2794 fere
424 2743 578 2793 animal
598 2758 704 2792 terra
725 2744 913 2808 marique
933 2743 1114 2807 majores
1132 2741 1442 2808 persecutiones
1449 2745 1620 2808 patitur.
1655 2746 1774 2792 Nam

114 2812 192 2859 sub
214 2815 329 2877 aquis
344 2815 554 2873 Toninae,
574 2816 712 2873 Haiae,
732 2811 895 2877 aliaque
915 2811 1095 2859 monstra
1117 2814 1277 2860 marina
1299 2814 1346 2858 iis
1366 2814 1574 2860 continuo
1584 2810 1776 2861 insidian-

118 2893 188 2927 tur
210 2899 220 2925 ε
255 2881 370 2929 unde
387 2881 554 2930 illorum
566 2885 652 2931 vim
661 2883 873 2949 fugientes
883 2898 939 2928 ex
946 2882 1064 2946 aquis
1074 2883 1118 2928 in
1128 2882 1265 2928 aerem
1275 2880 1455 2928 exiliunt
1465 2917 1478 2940 ,
1495 2898 1542 2927 ac
1554 2880 1695 2929 volare
1705 2899 1777 2929 co-

116 2962 270 2996 nantur
287 2968 298 2994 2
328 2951 418 2997 Vix
437 2953 554 3017 aquis
566 2951 730 3020 egressae
748 2953 793 2998 in
815 2951 955 2997 avium
967 2950 1349 3016 unguesincidunt,
1366 2949 1516 3016 easque
1525 2964 1575 2998 ut
1585 2951 1781 3009 evadant,

120 3020 274 3066 iterum
297 3020 399 3066 mari
418 3035 676 3087 merguntur.
712 3024 776 3069 Ita
799 3031 1057 3086 perpetuum
1072 3020 1182 3066 intra
1202 3021 1249 3067 &
1270 3032 1390 3067 extra
1406 3036 1531 3084 aquas
1550 3036 1649 3068 cum
1661 3019 1780 3067 hoste

118 3085 203 3135 hoc
214 3085 374 3153 duplici
393 3085 551 3136 bellum
566 3088 722 3156 absque
741 3087 1044 3138 intermistione
1057 3086 1228 3137 habent.
1266 3091 1385 3154 Saepe
1404 3087 1502 3137 velis
1520 3102 1591 3137 aut
1605 3087 1782 3136 transtris

1038 3156 1081 3204 Z
1120 3173 1144 3221 3
1610 3157 1782 3204 navium
