2050 3412
101 953 255 985 Sextribu-

103 994 182 1024 rialia
192 1005 237 1025 re-

102 1034 237 1066 formata.

99 1840 254 1883 Supplicia

99 1891 235 1924 qussque

101 1928 132 1955 ὅ(
146 1926 210 1954 exi-

101 1967 173 1996 lium
180 1965 229 1995 tri-

99 2007 182 2048 plcx.

100 2456 176 2484 Xum‘
187 2453 230 2483 di-

100 2494 183 2525 <stum
195 2495 246 2525 mi-

99 2535 200 2567 rabile.

268 151 291 187 1
308 150 329 193 3
343 149 372 186 2
649 128 790 184 <Pars
804 121 969 180 ulttma
994 122 1275 206 Legationis
1293 123 1554 182 Patavicae

267 225 468 275 Enitcbat
480 228 521 271 in
538 242 592 270 eo
607 242 695 271 non
707 224 944 272 umbratilis
956 225 1098 282 virtus,
1108 222 1176 270 sed
1189 222 1321 270 solida
1333 222 1376 270 8<
1388 225 1430 271 in
1440 238 1619 288 utraque
1633 222 1802 271 fortuna
1810 241 1916 271 con-

265 297 383 343 stans.
422 295 580 341 Ferunt
595 311 694 341 eum
714 294 756 340 in
773 295 926 358 quovis
944 292 1076 340 oculo
1090 294 1302 359 geminam
1320 293 1530 358 pupillam
1547 291 1760 351 habuiffe3
1794 293 1916 359 quod

266 365 365 411 inde
377 366 418 411 in
432 362 763 428 Phyfiognomia
774 364 911 411 Sinica
923 401 934 423 ‚
950 362 1018 409 cui
1035 379 1137 428 gens
1147 361 1431 428 haecinipense
1442 362 1585 410 dedita
1595 401 1609 422 ,
1636 361 1747 410 bene
1765 378 1918 429 magna

267 433 322 480 de
337 451 385 480 ea
395 432 522 479 babet
533 432 752 479 volumina
762 469 774 491 ,
790 435 909 480 variis
921 431 1117 479 vultuum
1127 432 1420 496 linearumque
1429 430 1576 497 figuris
1587 430 1746 479 >referta
1757 469 1769 492 ,
1790 429 1919 479 inusi-

268 516 362 551 tatae
375 501 586 550 felicitatis
604 515 900 568 argumentum
915 500 1058 549 haberi
1069 502 1219 566 coepit.
1255 504 1410 564 Neque
1429 501 1514 548 hoc
1523 500 1774 551 mirandum.
1816 499 1920 549 Vidi-

269 572 356 637 ipse
366 571 595 637 puerulum
606 572 649 618 in
662 571 793 619 oculo
804 570 961 619 dextro
976 570 1077 617 duas
1089 570 1270 636 pupillas
1287 568 1528 618 habentem.
1563 575 1675 628 Qae
1692 587 1755 618 res
1767 589 1918 636 paren-

271 655 329 687 tes
341 641 431 700 ejus
447 639 642 706 singulari
654 641 813 707 gaudio
822 640 977 700 affecit,
989 654 1233 704 reputantes
1247 657 1347 687 eum
1358 641 1633 706 congenitam
1651 639 1803 687 futurae
1814 657 1919 707 pro·

268 708 472 776 speritatis
484 711 671 758 tesseram
683 712 725 756 in
737 711 871 758 oculis
882 710 1001 757 ferre.
1037 712 1131 758 Nec
1144 712 1238 757 vani
1250 711 1417 775 auguris
1428 708 1558 758 fuere.
1593 709 1724 757 Filius
1733 725 1918 775 namque

267 796 365 826 cum
376 778 532 827 familia
541 779 731 828 universa
748 779 996 828 Christianis
1006 777 1123 826 sacris
1140 778 1326 826 imbutus
1337 818 1352 840 ,
1377 797 1466 827 non
1477 777 1563 827 alio
1581 781 1918 844 nomine,quam

268 847 347 895 isto
362 851 508 914 potuit
526 850 606 897 efle
621 848 798 899 felicior.
1912 870 1913 873 ¹

337 920 469 966 Porro
481 927 543 970 X
544 939 637 966 unus
655 916 987 983 Rempublicam
996 918 1118 965 novis
1139 919 1345 982 variisque
1356 916 1577 966 ordinibus
1594 919 1755 965 civium
1767 935 1815 966 ac
1824 935 1918 967 mu-

268 1005 416 1035 nerum
427 987 828 1046 distin&am,ritibus
840 986 1009 1053 insuper
1024 1004 1073 1033 ac
1082 986 1247 1052 legibus
1258 985 1443 1035 multum
1453 988 1729 1035 adauxit.Sex
1739 1005 1919 1053 quoque

268 1057 492 1104 tribunalia
512 1056 587 1104 sub
599 1062 673 1105 Yuo
688 1057 874 1106 instituta
890 1060 932 1104 in
943 1057 1163 1105 meliorem
1173 1056 1353 1104 formam
1363 1057 1548 1123 redegit,
1564 1055 1732 1104 adleffis
1748 1057 1892 1105 multis
1906 1097 1918 1119 7

266 1125 609 1193 quimagistratui
629 1126 695 1188 jus
715 1127 1037 1191 dicentipartim
1050 1126 1297 1184 assiderent,
1317 1128 1470 1191 partim
1492 1125 1788 1174 Praefectorum
1805 1127 1918 1175 vices

264 1198 578 1243 communicata
589 1195 796 1261 potestate
806 1196 1005 1246 subirent,
1030 1196 1259 1242 Ditionem
1270 1195 1425 1243 deinde
1439 1195 1673 1245 universam
1684 1195 1727 1242 in
1738 1197 1918 1260 provin-

265 1266 345 1311 cias
360 1265 593 1313 duodecim
605 1268 799 1330 partitus,
813 1283 960 1313 omnes
969 1265 1056 1330 ipse
1067 1267 1294 1329 quotannis
1304 1283 1448 1312 coram
1459 1265 1622 1312 obibat.
1656 1265 1775 1313 Tum
1784 1283 1918 1314 annos

266 1347 452 1398 quatuor
462 1337 504 1381 in
520 1334 783 1400 excipiendis
796 1332 970 1400 Regulis
980 1333 1274 1393 beneficiariis,
1283 1334 1635 1400 explorandaquc
1646 1333 1818 1381 illorum
1829 1334 1918 1383 fide

265 1402 522 1469 consumpsit
535 1427 546 1463 3
574 1422 683 1468 quos
695 1404 835 1469 poenis
846 1417 920 1451 aut
935 1402 1113 1469 praemiis
1123 1439 1135 1460 ,
1153 1416 1200 1450 ut
1210 1402 1542 1470 erantcujusque
1555 1404 1704 1451 merita
1716 1443 1730 1465 ,
1763 1403 1916 1453 affecit.

265 1472 389 1518 Viros
400 1472 554 1520 ἀοᾶοε
567 1472 828 1539 &sapientes
846 1491 929 1538 prae
941 1474 1086 1521 ceteris
1105 1471 1230 1521 fovit.
1265 1470 1470 1521 Prae‘feffls
1488 1490 1566 1541 per
1581 1490 1728 1521 omnes
1741 1475 1919 1540 provin-

266 1541 347 1588 cias
368 1543 616 1608 imperavit,
636 1558 691 1590 ne
702 1543 1000 1609 agriculturam
1015 1542 1272 1609 impedirent
1286 1559 1475 1608 unquam
1494 1583 1508 1604 ‚
1542 1543 1628 1591 alio
1638 1540 1836 1591 laborum
1844 1560 1920 1612 ge·

265 1626 366 1658 nere
378 1611 581 1660 vexando
592 1613 822 1680 agricolas3
859 1611 1016 1680 largam
1032 1610 1196 1678 ubique
1211 1629 1425 1660 annonam
1446 1629 1700 1679 procurare5
1730 1612 1920 1679 hospites
1972 1618 1976 1622 ”

264 1695 442 1749 peregre
451 1682 603 1747 procul
622 1681 894 1730 adventantes
905 1684 1092 1750 benigne
1101 1686 1301 1747 excipere
1315 1719 1329 1742 ‚
1363 1683 1510 1730 munia
1525 1680 1671 1749 probis
1687 1696 1854 1732 tantum
1871 1683 1919 1731 &

266 1747 432 1798 idoneis
465 1751 664 1799 mandare
675 1790 687 1809 ,
722 1753 920 1800 virtutem
949 1753 1132 1818 praemiis
1156 1754 1341 1801 excitare
1367 1788 1379 1810 ,
1410 1750 1536 1800 bonis
1566 1751 1700 1800 fidem
1731 1751 1890 1802 habere
1905 1788 1919 1812 ,

268 1817 402 1867 malos
412 1820 639 1870 dimittere.
673 1823 884 1886 Qinque
901 1821 1207 1888 luppliciorum
1220 1838 1375 1888 genera
1394 1822 1634 1880 constituit,
1666 1821 1821 1886 quibus
1838 1825 1917 1871 cri*

271 1890 437 1936 minum
446 1908 539 1938 reos
551 1890 618 1939 vel
631 1891 743 1950 naso,
755 1891 820 1939 vel
831 1890 920 1939 talo
932 1891 1134 1957 pedis,vel
1146 1890 1354 1950 manu‚vel
1366 1892 1590 1955 capite‚vel
1606 1891 1792 1956 denique
1805 1908 1919 1939 acer*-

272 1957 385 2003 biori
404 1961 611 2023 quopiam
627 1962 772 2006 mortis
783 1978 937 2024 genere
948 1958 1192 2026 pleiterent.
1228 1961 1299 2007 Sin
1310 1962 1576 2026 ambigerent
1584 1960 1746 2021 judices
1757 1959 1812 2007 de
1819 1960 1920 2027 sup-

273 2024 407 2089 plicio
423 2027 466 2073 in
476 2028 702 2075 confilium
720 2028 921 2076 adhibere
946 2027 1203 2089 jubebantur
1226 2028 1495 2077 clementiam
1506 2065 1519 2088 ‚
1551 2031 1597 2077 8<
1621 2031 1764 2077 mitius
1789 2030 1920 2081 irasci.

271 2094 403 2142 Exilii
419 2108 503 2142 'tres
527 2096 679 2160 gradus
702 2114 784 2162 pro
814 2096 972 2144 sceleris
993 2097 1287 2163 magnitudine
1306 2097 1461 2147 statuit.
1495 2099 1797 2147 Gravissimum
1814 2098 1920 2162 fuit,

269 2177 367 2211 toto
377 2165 568 2212 Sinarum
580 2184 714 2233 regno
725 2179 941 2214 extorrem
953 2166 1006 2214 ad
1017 2166 1216 2215 Barbaros
1230 2166 1456 2216 amandari.
1473 2170 1741 2229 Proximum,
1751 2170 1774 2217 a
1784 2171 1918 2236 patria

268 2232 377 2280 ultra
389 2233 504 2281 mille
517 2236 654 2282 Sinica
666 2235 956 2283 stadiaexeffc.
991 2237 1189 2284 Tertium
1205 2255 1251 2284 ac
1268 2237 1531 2285 mitiffimum
1554 2253 1665 2299 erat,
1678 2241 1798 2306 regni
1808 2237 1918 2287 dun.-

266 2315 382 2349 taxat
399 2302 557 2351 finibus
577 2305 807 2370 proscribi,
842 2304 957 2352 nulla
981 2319 1093 2353 meta
1113 2306 1438 2373 longinquitatis
1452 2307 1641 2373 praefixa.
1702 2309 1784 2356 Sed
1809 2309 1920 2355 inter

267 2374 413 2419 omnia
428 2382 491 2423 X
492 2379 556 2421 uni
570 2375 745 2439 imperia
762 2374 865 2422 illud
877 2375 982 2422 mihi
994 2375 1179 2441 palmam
1197 2390 1339 2424 teneat
1352 2416 1363 2435 ‚
1397 2394 1489 2442 quo
1505 2380 1667 2437 vetuit,
1683 2378 1832 2443 nequis
1851 2376 1917 2424 id-

266 2441 380 2488 circo
390 2456 568 2506 pareret,
585 2443 706 2508 quod
718 2446 952 2507 Imperator
962 2484 977 2505 ,
996 2443 1065 2491 sed
1077 2445 1196 2510 quod
1210 2463 1328 2511 aequa
1340 2445 1522 2506 juberet.
1557 2449 1671 2494 Hinc
1682 2445 1794 2494 forte
1807 2450 1918 2494 Prae-

266 2508 398 2557 fectos
411 2510 505 2558 suos
527 2512 751 2569 allocutus,
767 2515 874 2561 Tum
884 2516 1036 2561 demum
1046 2549 1058 2572 ,
1068 2516 1208 2580 inquit
1220 2554 1233 2576 ,
1246 2535 1380 2564 morem
1389 2516 1477 2563 mihi
1474 2519 1601 2582 gerite
1610 2555 1626 2577 ‚
1647 2534 1730 2562 cum
1745 2518 1847 2583 quod
1854 2517 1918 2563 bo«

267 2598 353 2627 mmz
367 2584 410 2628 &5
425 2600 569 2646 aequum
589 2586 661 2628 erit
670 2620 683 2642 ,
698 2587 942 2647 imperavero.

334 2650 448 2696 Inter
468 2652 557 2697 liaec
568 2653 751 2712 Tartari,
761 2652 815 2699 de
826 2651 982 2716 quibus
994 2653 1127 2716 prima
1140 2652 1229 2700 haec
1237 2655 1350 2719 apud
1363 2655 1476 2700 Sinas
1486 2651 1546 2700 cst
1555 2653 1735 2711 mentio,
1753 2654 1796 2701 in
1808 2654 1917 2702 Sini-

266 2735 357 2763 cam
373 2718 583 2767 ditionem
600 2719 722 2767 infusi
737 2761 748 2779 ,
775 2721 933 2788 praedas
950 2720 1142 2787 agebant.
1180 2726 1274 2771 Nec
1289 2722 1490 2788 deinceps
1508 2738 1697 2787 unquam
1720 2722 1917 2772 destitere

268 2789 459 2833 Sinarum
472 2803 594 2836 terras
612 2790 884 2851 infestaremd
900 2790 978 2840 suis
996 2790 1098 2838 locis
1114 2790 1378 2840 docebimus.
1414 2793 1475 2840 At
1487 2799 1551 2842 X
1552 2794 1728 2846 amaseni
1745 2791 1916 2840 suorum

266 2855 368 2901 salus
384 2857 503 2903 cordi
520 2859 633 2917 esset,
648 2862 690 2907 in
704 2874 899 2926 tempore
919 2861 996 2908 ivit
1015 2858 1187 2908 obviam
1198 2877 1274 2926 per
1286 2859 1505 2910 PraeseEms
1519 2859 1615 2908 suos
1626 2861 1818 2928 grassanti
1828 2877 1915 2911 ma·

267 2922 665 2993 lefici0,patriaeque
682 2929 1029 2995 tranquillitatem
1039 2930 1082 2976 in
1096 2929 1478 2995 praesens-restituitt

334 2991 421 3038 Sub
431 2996 580 3044 eadem
600 3011 793 3062 tempora
803 2998 987 3047 solicitus
1000 3037 1012 3059 ,
1022 3016 1152 3063 quem
1168 3015 1364 3064 aggerem
1380 2998 1588 3060 objiceret
1598 3001 1717 3064 aquis
1725 2998 1915 3066 planiora

266 3061 456 3110 Sinarum
474 3065 778 3116 inundantibus
796 3096 808 3127 ,-
837 3072 870 3117 Y
866 3088 911 3116 uo
928 3071 1068 3142 Qnii
1079 3104 1092 3128 ‚
1109 3066 1170 3114 ob
1185 3067 1417 3134 hocipsum
1434 3070 1661 3135 negotium
1679 3069 1787 3122 male
1796 3084 1915 3115 cura-

1823 3149 1913 3185 tum
