2050 3412
271 135 293 173 1
307 131 376 179 72
590 113 734 170 ‘Part
748 105 915 168 ultima
937 107 1221 192 Lsegationts
1241 107 1502 165 Batavicae
1517 110 1629 168 &a

232 261 235 268 ,,
265 212 480 264 iracundia
494 210 635 273 hujus,
645 223 694 258 ut
709 208 921 275 pileolum
934 211 1201 258 Tartaricum
1218 207 1310 255 solo
1324 207 1517 259 illideret.
1557 213 1654 259 Hoc
1667 211 1834 262 rebellis
1847 214 1910 266 in-

264 282 522 348 dignationis
549 279 717 346 fignum
745 281 1040 344 interpretatus
1067 285 1325 343 ffi71a11aftgtts
1341 314 1353 336 ,
1385 279 1553 327 fratrem
1581 297 1743 329 carcere
1768 283 1915 330 Sinico

270 356 448 416 Caociang
462 349 630 410 clausit,
650 353 726 415 qui
749 351 894 415 Regio
917 349 1119 416 sanguine
1136 351 1241 396 natis
1257 346 1346 408 jam
1367 347 1473 394 olim
1497 347 1794 399 destinabatur.
1828 349 1912 398 Sed

266 423 376 469 Dux
396 422 594 467 Tartarus
607 459 621 480 ‚
656 419 764 467 hanc
785 417 1010 467 fraternam
1027 417 1233 466 invidiam
1251 416 1320 463 sua
1340 431 1478 464 morte
1494 454 1506 476 ‚
1537 418 1764 485 suspendio
1781 421 1913 469 vitam

266 491 504 556 spontaneo
514 487 662 537 finiens
675 528 688 548 ‚
701 488 928 553 praevertit.
966 493 1114 552 Atque
1129 488 1198 534 hic
1208 487 1261 535 ad
1276 491 1449 534 Annum
1459 486 1727 537 millefimum
1739 487 1913 536 sexcen-

265 558 461 607 tesimum
483 556 880 624 quinquagefimutn
907 557 1137 606 secundum
1163 558 1441 604 Tartarorum
1475 557 1753 623 Sinarumque
1783 557 1912 607 status

266 627 349 676 fuit
370 647 380 674 :
402 644 493 694 quo
516 628 682 675 Tartari
703 626 824 674 brevi
849 627 1009 692 septem
1025 643 1232 673 annorum
1242 625 1377 691 spatio
1389 625 1483 691 plus
1500 640 1703 675 terrarum
1726 644 1912 693 occupa-

267 711 367 746 runt
377 734 390 756 ,
408 713 537 762 quam
547 698 710 763 integer
724 696 933 744 exercitus
946 696 1103 744 eodem
1115 697 1319 761 temporis
1336 696 1561 744 intervallo
1583 698 1627 744 in
1651 696 1831 762 longum
1852 696 1911 744 la-

268 783 414 816 tumve
425 765 717 832 perambulare
727 765 875 832 posset.
909 765 1160 813 Duodecim
1175 766 1373 813 nimirum
1391 766 1562 830 Imperii
1583 766 1711 814 Sinici
1734 767 1911 814 Provin-

266 839 363 897 cias,
380 835 644 884 Peninsulam
660 838 862 894 Cor-eam,
876 852 925 881 ac
939 834 1170 900 spatiosum
1182 837 1421 902 Leaotungi
1432 838 1649 903 Regnum.

1659 2879 1913 2941 INDEX
