2150 3370
171 1809 275 1840 Senior

141 1852 258 1882 Prorex

142 1895 273 1932 Legatos

135 1937 281 1965 convivio

138 1979 249 2008 viatico
256 1986 310 2008 ex-

140 2021 224 2060 cipit.

354 176 421 225 §O
737 157 878 214 ‘Pars
886 156 1047 236 prima
1067 149 1350 239 Legationbs
1369 160 1635 217 fBatavicae

330 1659 660 1719 v111tat1onibus‚
679 1678 728 1708 ac
744 1662 856 1708 varia
879 1659 996 1708 haud
1013 1661 1161 1727 magni
1183 1661 1394 1708 momenti
1406 1659 1602 1724 quotidie
1612 1657 1727 1706 ultro
1736 1660 1931 1724 citroque
1942 1661 2006 1709 in-

330 1729 605 1796 terrogabant
1607 1734 1611 1735 ⁷

397 1798 615 1867 Vigesima
634 1799 814 1865 septima
836 1797 1052 1846 Februarii
1065 1800 1225 1845 Prorex
1240 1837 1253 1858 ,
1275 1814 1373 1844 cum
1385 1816 1476 1846 rem
1495 1815 1594 1845 cum
1605 1796 1771 1845 summo
1781 1797 2004 1865 Delegato

327 1866 454 1932 plane
472 1869 720 1917 confeuum
741 1867 1010 1916 intellexisset
1027 1904 1041 1927 ,
1060 1871 1247 1933 Legatos
1264 1866 1417 1914 ultimo
1437 1881 1694 1932 excepturus
1714 1869 1918 1916 convivio
1935 1867 2002 1915 so-

326 1936 511 1985 lenniter
521 1937 729 1986 invitavit.
763 1937 982 1985 Vestibula
995 1940 1042 1985 &
1055 1935 1295 1984 ambulacra
1305 1935 1452 1984 Palatii
1463 1935 1683 2002 splendide
1695 1950 1900 1984 exornata
1912 1935 2003 2002 spe-

325 2005 531 2054 &antium
552 2005 699 2054 oculos
719 2009 823 2054 mira
846 2005 1166 2072 pulchritudine
1185 2041 1198 2063 ‚
1217 2007 1339 2053 armis
1353 2005 1453 2053 hinc
1473 2006 1575 2054 inde
1597 2009 1752 2072 magna
1779 2008 1905 2071 copia
1928 2007 2002 2055 de-

324 2076 626 2140 pendentibus)
635 2075 857 2124 feriebant.
893 2079 1045 2141 thue
1057 2076 1241 2123 convivii
1254 2076 1379 2140 hujus
1389 2076 1707 2143 magnificentia
1719 2111 1730 2134 ‚
1741 2093 1796 2123 eo
1806 2074 2001 2124 illustrior

323 2161 560 2211 appareret,
571 2148 738 2194 invitati
752 2147 953 2210 Praecipui
965 2163 1020 2192 ex
1032 2146 1247 2212 Katonenfi
1256 2144 1504 2213 Magistratu
1518 2181 1530 2200 ,
1541 2147 1876 2210 Mandarinique
1890 2182 1902 2205 ,
1922 2148 1998 2210 qui

323 2213 452 2282 longa
464 2215 565 2263 serie
577 2215 790 2282 tapetibus
802 2232 881 2281 pro
893 2212 1098 2280 cujusque
1109 2215 1319 2281 dignitate
1339 2214 1630 2264 considebant.
1664 2217 1818 2283 Legati
1830 2214 1883 2262 ad
1893 2214 1997 2262 dex-

321 2297 429 2332 tram
445 2283 675 2332 consedere
685 2323 697 2345 ,
716 2287 739 2333 ὲ
758 2287 934 2350 regione
949 2302 1099 2332 eorum
1113 2288 1273 2332 Prorex
1285 2284 1456 2333 adversa
1467 2285 1576 2333 facie
1593 2288 1637 2332 in
1648 2283 1734 2332 lato
1750 2285 1996 2349 quadratro-

320 2371 407 2418 que
430 2353 600 2401 scamno
620 2358 687 2405 cui
700 2354 927 2421 stragulum
939 2354 1445 2420 pretiosum‚utinicone,
1455 2355 1674 2418 injectum.
1711 2353 1844 2401 Vestis
1862 2355 1995 2400 aureis

320 2423 513 2488 undique
526 2425 800 2472 Draconibus
814 2424 1032 2490 picturata.
1064 2427 1203 2472 Retro
1224 2423 1354 2472 veluti
1368 2426 1489 2471 taenia
1502 2425 1558 2472 de
1569 2427 1707 2488 capite
1715 2420 1877 2488 pileolo
1886 2423 1994 2470 Tar·

319 2495 452 2540 tarico
464 2493 618 2540 Cauda
635 2496 834 2557 pavonis,
853 2495 1002 2560 Regiae
1022 2492 1238 2560 dignitatis
1257 2491 1441 2559 insigne,
1461 2492 1744 2559 dependebat.
1780 2492 1856 2537 De
1877 2490 1992 2538 collo

319 2561 448 2629 longa
472 2580 527 2609 ex
548 2561 719 2610 succino
736 2561 837 2609 albo
856 2576 1005 2610 catena
1034 2580 1044 2607 ε
1077 2562 1280 2627 pollicem
1310 2582 1365 2610 ex
1388 2563 1520 2611 ebore
1547 2561 1726 2610 annulus
1747 2560 1992 2627 stringebat,

321 2633 550 2679 Tartaricae
571 2631 738 2700 signum
750 2649 847 2679 mea
857 2634 1068 2699 opinione
1082 2631 1342 2681 fortitudinis
1353 2670 1365 2693 ,
1382 2634 1524 2698 quoin
1536 2631 1710 2679 arcubus
1726 2630 1992 2678 i11fle&endis

321 2703 384 2746 uti
396 2700 540 2748 solent.
574 2704 798 2750 Convivio
809 2702 988 2750 durante
1007 2705 1167 2750 Prorex
1183 2702 1321 2750 liberis
1335 2702 1427 2750 suos
1438 2701 1733 2750 humaniffime
1744 2699 1989 2748 abblandie-

321 2768 445 2816 batur
456 2806 468 2828 ‚
486 2785 603 2819 tanta
614 2790 765 2819 eorum
778 2771 995 2830 libertate,
1018 2787 1068 2820 ut
1088 2775 1217 2820 etiam
1235 2772 1413 2820 subinde
1426 2773 1624 2819 humeros
1634 2771 1724 2835 ejus
1735 2768 1990 2818 conscende-

322 2852 426 2884 rent.
464 2841 510 2885 N
514 2857 641 2888 ovem
659 2844 702 2888 in
716 2841 955 2889 universum
968 2856 1103 2901 erant,
1117 2859 1266 2890 omnes
1275 2841 1410 2889 forma
1424 2839 1690 2906 pulcherrimi
1705 2878 1719 2899 ‚
1743 2839 1892 2887 habitu
1905 2856 1991 2886 ma-

321 2907 496 2971 gnifico.
534 2912 751 2957 Maximus
762 2925 865 2958 natu
878 2913 950 2959 vix
963 2914 1250 2978 quinquennis
1261 2910 1485 2960 videbatur
1495 2947 1508 2968 ,
1527 2909 1646 2975 quod
1659 2928 1712 2957 ex
1726 2906 1893 2958 diverfis
1901 2909 1991 2955 nati

321 2975 523 3023 matribus
534 2978 673 3027 effent.
705 2983 956 3047 Qlippe‚ut
968 2984 1172 3047 interpres
1182 2980 1404 3039 referebat,
1416 2978 1556 3027 multae
1567 2981 1756 3046 Proregis
1767 2979 1873 3025 Sinis
1881 2994 1988 3023 uxo-

320 3063 406 3104 τες,
432 3064 488 3092 ex
507 3046 660 3110 quibus
680 3062 771 3096 tum
785 3052 986 3117 temporis
995 3052 1305 3118 quinquaginta
1324 3049 1395 3097 sex
1407 3048 1560 3096 liberos
1569 3048 1812 3115 susteperat.
1842 3046 1989 3092 Finito

321 3116 522 3164 convivio
530 3116 682 3182 Legati
695 3122 836 3185 gratiis
848 3120 945 3169 actis
956 3119 1160 3186 palatium
1171 3118 1292 3168 suum
1303 3121 1778 3186 repetierunt.Proxima
1789 3112 1989 3230 diesfilmili

1866 3202 1894 3248 p
1912 3200 1986 3229 en-
