2114 3412
394 1538 591 1583 Occultum
600 1535 992 1601 perfeHumduobus
1006 1536 1127 1585 lineis
1142 1537 1390 1604 duplicatis3
1407 1538 1644 1605 manifestum
1658 1531 1868 1604 perfeci'um
1885 1534 1984 1583 uni-

323 1607 374 1654 ca
388 1605 502 1653 linea
517 1604 651 1653 divisa
663 1646 677 1667 ‚
702 1606 940 1673 manifestum
952 1608 1212 1674 imperfefium
1223 1610 1349 1656 unica
1364 1607 1476 1656 linea
1489 1609 1719 1667 continua,
1749 1605 1987 1672 manifestum

325 1675 584 1740 impetfhfflum
600 1675 765 1742 duplici
778 1680 986 1725 continua
996 1718 1011 1740 ,
1025 1680 1131 1726 item
1146 1678 1256 1726 linea
1271 1677 1492 1745 parallaela.
1530 1679 1600 1724 Ex
1619 1676 1683 1724 his
1691 1693 1798 1743 ergo
1811 1673 1985 1723 duobus

326 1745 561 1813 principiis,
571 1763 667 1811 quae
688 1750 742 1794 Yn
756 1747 802 1792 8<
821 1751 855 1796 Υ
851 1767 937 1815 ang,
947 1761 1118 1807 vocant,
1132 1746 1375 1814 conjugatis
1387 1748 1487 1795 octo
1507 1746 1588 1794 illae
1598 1745 1746 1812 figurae
1755 1744 1958 1812 prodiere
1970 1780 1986 1805 ‚

325 1816 482 1880 quibus
497 1817 541 1861 in
556 1815 596 1863 se
612 1816 923 1882 multiplicatis,
939 1832 1126 1883 quatuor
1139 1816 1454 1865 constituuntur
1473 1817 1519 1864 δέ
1538 1817 1755 1883 sexaginta
1769 1814 1960 1882 symbola
1972 1850 1988 1876 ‚

326 1884 411 1932 sive
426 1886 647 1949 imagineS,
660 1903 765 1951 quas
775 1888 860 1934 hoc
875 1888 1040 1935 schema
1053 1886 1245 1935 exhibet.

396 1956 466 2000 Ex
483 1953 639 2018 quibus
658 1973 829 2003 amoena
846 1957 1043 2003 omnium
1057 1974 1197 2004 rerum
1214 1958 1387 2003 varietas
1402 1954 1621 2013 elucescit,
1643 1971 1740 2001 nam
1755 1952 1988 2019 quodlibet

327 2036 492 2070 certum
509 2040 641 2088 genus
652 2026 843 2089 corporis
863 2028 988 2071 mixti
1006 2026 1205 2085 denotat,
1233 2024 1286 2071 ad
1298 2023 1419 2089 quod
1435 2025 1579 2071 omnia
1594 2023 1837 2081 individua,
1854 2036 1988 2089 quot-

329 2106 441 2157 quot
453 2093 497 2138 in
512 2093 619 2139 orbe
635 2093 789 2140 dantur
799 2133 813 2154 ,
825 2093 1002 2143 adsuum
1013 2093 1269 2159 symbolum,
1284 2108 1487 2158 tanquam
1502 2093 1555 2140 ad
1572 2093 1784 2140 summum
1793 2094 1987 2160 Catego-

330 2163 401 2209 riae
417 2179 549 2227 genus
562 2177 682 2228 ,apte
697 2162 841 2210 reduci
860 2163 1043 2229 possunt.
1081 2166 1183 2212 Haec
1198 2162 1492 2229 symbolorum
1510 2162 1814 2228 multiplicario
1831 2162 1990 2212 eodem

331 2232 468 2279 modo
485 2230 625 2278 effic'ta
644 2232 839 2293 videtur,
864 2250 957 2298 quo
978 2233 1202 2280 Dialectici
1224 2250 1279 2279 ex
1299 2232 1566 2298 quadruplici
1584 2231 1754 2295 majoris
1771 2230 1987 2297 praemiffae

332 2301 568 2366 quantitate
582 2302 800 2368 sexaginta
810 2317 1002 2368 quatuo?
1012 2303 1156 2367 primae
1177 2302 1325 2369 figura:
1344 2301 1499 2349 modos
1517 2304 1728 2370 colligunt
1744 2321 1754 2348 :
1773 2317 1864 2366 quo
1877 2300 1993 2348 Peri-

334 2372 508 2435 patetici
543 2389 599 2419 ex
633 2372 890 2436 qualitatum
924 2373 1155 2437 primarum
1188 2370 1513 2420 combinatione
1546 2373 1639 2421 duo
1671 2367 1992 2436 asymbolorum

334 2440 661 2500 elementorum,
670 2455 858 2506 quatuor
876 2440 1167 2507 symbolorum
1179 2444 1292 2507 paria
1302 2441 1583 2503 concludunt,
1592 2460 1648 2490 ex
1661 2438 1818 2505 quibus
1833 2438 1993 2487 deinde

337 2511 450 2556 varie
466 2509 646 2557 alteratis
661 2514 819 2558 mixtio
834 2514 982 2561 oritur.
1020 2510 1160 2570 Cujus
1176 2512 1406 2578 perfectam
1421 2525 1611 2560 naturam
1623 2515 1665 2559 in
1675 2510 1760 2557 hoc
1778 2507 1993 2557 schemate

336 2578 546 2628 exhibent
562 2581 669 2626 Sinae
680 2617 693 2639 ,
720 2582 765 2627 8<
782 2596 1017 2629 accuratam
1035 2583 1271 2629 mixtorum
1285 2599 1519 2648 corporum
1536 2579 1793 2646 categoriam
1811 2576 1994 2626 demon-

335 2647 474 2713 strant.
511 2652 622 2707 Qiis
639 2667 742 2697 vero
757 2653 977 2699 mixtionis
993 2651 1160 2716 praecise
1175 2651 1327 2717 gradus
1340 2691 1352 2711 ‚
1384 2668 1461 2717 per
1470 2649 1697 2714 quodlibet
1715 2645 1996 2713 symbolum&

340 2719 446 2764 Sinis
462 2717 714 2779 denotetur,
747 2720 933 2768 necdum
955 2722 1174 2785 Europaeis
1192 2720 1253 2767 ob
1269 2719 1560 2786 imperfectam
1577 2718 1731 2785 lingua:
1753 2718 1903 2764 Sinicae
1919 2735 1995 2766 co-

339 2789 697 2849 gnitionemclare
713 2793 915 2838 innotuit.
951 2791 1031 2838 Sed
1044 2789 1248 2855 quorsum
1264 2791 1374 2838 hisce
1392 2789 1465 2836 diu
1484 2789 1781 2836 immoremur?
1803 2788 1872 2833 Ex
1883 2786 1997 2833 duo-

339 2855 419 2902 bus
430 2858 647 2924 principiis
669 2865 721 2908 Yn
739 2862 782 2907 &
798 2864 899 2926 Tang
916 2898 929 2920 ‚
955 2879 1033 2908 ceu
1050 2877 1105 2906 ex
1122 2862 1304 2908 numeris
1325 2859 1550 2907 Platonicis
1567 2858 1794 2905 nascuntur
1807 2870 1997 2921 quatuor

343 2924 457 2972 idaeae
474 2962 485 2983 ‚
517 2947 575 2975 cx
597 2929 784 2977 his⁰ofto
801 2931 980 2978 estantiae
998 2928 1297 2995 simpliciores,
1321 2929 1464 2977 exiliis
1486 2929 1702 2995 sexaginta
1717 2940 1903 2992 quatuor
1919 2923 1996 2972 sub

343 2991 504 3038 stantiae
522 3000 680 3046 mixtae.

412 3062 602 3114 Sufficiat
634 3068 734 3116 scire
752 3069 943 3134 quinque
970 3087 1042 3116 eos
1062 3066 1271 3118 clementa
1304 3066 1438 3134 vulgo
1471 3084 1693 3117 numerare
1706 3106 1723 3128 ,
1768 3068 1998 3124 Maestum,

1807 3137 1974 3200 Lignum
1985 3170 1999 3193 ‚
