2114 3412
392 110 457 169 ad
468 111 781 194 Magnmn
798 107 1055 168 Tartariae
1071 111 1113 166 S
1117 111 1293 191 inaeqtte
1310 106 1566 187 [hamum.
1737 133 1801 177 77

116 1491 321 1524 manuum
333 1510 346 1533 ,
359 1491 407 1520 ac
418 1469 723 1539 Phyfiognomi
734 1472 864 1519 totius
875 1472 1065 1537 corporis
1084 1471 1278 1522 habiturn
1291 1473 1337 1520 &
1349 1470 1617 1521 lineamenta.
1654 1475 1791 1542 Paga—

115 1547 172 1594 da
192 1544 253 1592 ibi
274 1542 407 1610 prisca
417 1544 641 1607 Majorum
660 1540 952 1606 superstitione
964 1540 1084 1590 sacer,
1122 1542 1274 1590 Plateae
1294 1540 1471 1589 silicibus
1484 1541 1613 1589 stratae
1626 1558 1793 1590 montes

114 1613 253 1664 versus
273 1627 516 1661 excurrunt.
552 1611 667 1658 Duae
687 1610 906 1676 supersunt
926 1610 1199 1678 triumphales
1221 1624 1352 1677 portae
1363 1629 1419 1658 ex
1430 1610 1791 1677 saxoleucophaeo

115 1681 330 1732 inviolatae
346 1682 559 1730 haftenus.
609 1683 776 1728 Caetera
797 1683 842 1728 T
845 1682 1039 1728 artaricus
1056 1681 1175 1729 furor
1197 1679 1501 1736 consumsit2&
1514 1679 1747 1741 latronum,
1768 1683 1792 1728 :i

117 1752 271 1819 quibus
281 1753 453 1800 tertium
465 1752 645 1815 direpta,
655 1753 850 1816 impetus.
884 1752 999 1798 Tam
1010 1753 1089 1798 rari
1100 1751 1160 1798 ibi
1177 1749 1340 1809 incolae,
1350 1764 1398 1798 ut
1408 1766 1474 1799 tot
1486 1749 1718 1814 helcyarios
1731 1768 1791 1797 rc-

116 1824 242 1888 periri
254 1835 428 1889 negaret
437 1821 673 1880 Praefectus,
682 1820 834 1885 quibus
844 1818 1050 1869 clafficula
1061 1820 1199 1868 nostra
1206 1838 1314 1885 opus
1325 1819 1514 1868 haberet.

186 1893 436 1940 Proximum
448 1889 638 1956 ejusdem
651 1891 736 1937 diei
747 1888 1041 1938 diverticulum
1054 1893 1080 1938 S
1091 1894 1110 1938 Ι
1122 1893 1167 1938 N
1178 1890 1219 1936 K
1230 1893 1249 1937 Ι
1262 1891 1308 1936 Ν
1326 1887 1662 1949 fuit,secundum
1673 1889 1787 1936 ofia-
1842 1896 1970 1951 Urbem*

116 1979 179 2009 vae
199 1963 376 2010 civitatis
401 1963 590 2025 Linkiang
611 1959 825 2025 oppidum
839 1996 851 2019 ,
866 1959 1083 2027 sexaginta
1102 1961 1164 2022 Ly
1177 1960 1396 2025 Hiakianga
1406 1958 1578 2019 distans,
1591 1962 1691 2024 ripae
1704 1961 1790 2006 Cani
1806 1940 1935 2022 &025¹
1949 1949 1968 1968 N

120 2031 281 2097 dextrae
293 2029 503 2094 adjacens,
518 2029 676 2076 eodem
689 2029 780 2078 fere
791 2031 1007 2076 montium
1017 2026 1128 2092 Josu,
1138 2028 1238 2094 (qui
1250 2047 1305 2075 ex
1316 2030 1543 2076 nominatis
1552 2029 1704 2076 ordine
1716 2028 1790 2075 de-
1810 2030 1900 2055 ‘¹³³⁰‘-

120 2102 253 2147 cimus
270 2100 490 2167 septimus,
511 2098 726 2147 altiffimus
743 2098 853 2146 adeo
865 2136 877 2159 ,
895 2112 944 2146 ut
961 2098 1145 2146 nubibus
1163 2111 1294 2163 caput
1314 2097 1466 2146 inferat
1482 2137 1495 2158 ‚
1517 2097 1721 2162 sylvarum
1734 2111 1793 2144 at-

119 2183 264 2217 tamen
285 2188 463 2218 nemore
483 2171 526 2216 in
543 2168 708 2216 summo
727 2171 948 2216 cacumine
960 2205 972 2227 ‚
987 2185 1326 2233 camporumque
1342 2168 1611 2231 jucunditate
1626 2170 1793 2214 intuen-

121 2240 232 2286 tium
245 2238 391 2286 oculos
401 2252 497 2286 toto
509 2237 673 2285 ambitu
684 2239 789 2284 mire
801 2237 1012 2301 recreans)
1036 2238 1082 2285 ἃ
1099 2240 1243 2303 M'ung,
1254 2235 1515 2301 colliumque
1526 2254 1702 2284 amoeno
1714 2269 1726 2289 ,
1745 2248 1792 2281 ut

121 2323 283 2364 caetera,
293 2308 466 2357 ambitu.
503 2310 656 2354 Parum
668 2308 778 2353 inter
791 2308 935 2364 sium,
948 2308 993 2353 &
1006 2309 1070 2354 H
1067 2308 1212 2371 iakiang
1222 2304 1485 2364 differentiae,
1496 2304 1578 2352 sive
1585 2304 1792 2352 ambitum

121 2376 278 2443 species
289 2415 300 2437 ,
309 2377 392 2427 five
404 2376 528 2425 fitum
543 2415 554 2435 ,
568 2373 643 2423 nifi
653 2375 773 2441 quod
782 2374 850 2422 illa
861 2374 1041 2422 collibus
1058 2376 1232 2422 interior
1242 2377 1287 2423 8<
1298 2372 1422 2439 plana
1434 2411 1446 2433 ‚
1467 2376 1554 2422 haec
1571 2376 1709 2422 monti
1727 2374 1794 2436 ju-

124 2450 235 2496 xtim
245 2449 424 2513 adjacet.
458 2451 586 2494 Porta
597 2446 718 2494 fluvii
731 2447 927 2510 proxima
938 2483 951 2506 ,
967 2447 1013 2493 &
1033 2446 1190 2492 maeniis
1208 2443 1460 2491 intermedia
1479 2458 1566 2491 arte
1578 2445 1715 2492 Sinica
1727 2444 1792 2488 in-

126 2516 261 2585 signis.
306 2521 472 2565 Caetera
492 2515 644 2582 oppidi
666 2513 865 2574 humilia,
880 2516 926 2562 8<
949 2514 1064 2562 haud
1083 2513 1385 2561 contendenda
1406 2517 1469 2563 H
1468 2515 1616 2579 iakingae
1642 2532 1652 2558 ι
1685 2514 1794 2559 Nox

127 2586 253 2633 nobis
264 2589 380 2652 apud
394 2586 612 2654 Pagodam
621 2587 664 2631 in
677 2582 831 2631 sinistra
842 2586 933 2650 ripa
942 2583 1139 2632 transacta
1151 2620 1164 2643 ,
1182 2582 1384 2631 Praefecto
1396 2618 1408 2641 ,
1428 2599 1674 2648 quanquam
1685 2596 1794 2629 tem—

128 2655 325 2721 pestuoso
340 2660 450 2715 aere,
461 2660 646 2721 Legatos
656 2652 881 2708 salutante,
903 2652 1123 2719 lautiisque
1136 2654 1388 2701 honorante.

199 2725 411 2792 Vigesima
420 2724 601 2773 secunda
612 2722 917 2790 Aprili3‚pri1na
927 2722 1022 2771 luce
1033 2722 1226 2788 profecti,
1235 2724 1341 2768 circa
1353 2720 1572 2767 meridiem
1582 2719 1793 2785 oppidum
1834 2731 1856 2760 F
1867 2742 1886 2761 υ
1898 2741 1918 2760 κ
1929 2739 1963 2760 c-

131 2795 219 2843 FU
232 2797 274 2842 N
289 2797 384 2842 GC
397 2798 441 2843 H
453 2798 468 2841 l
481 2798 526 2843 N
540 2796 610 2854 G,
633 2793 863 2842 secundum
884 2794 1062 2840 civitatis
1096 2792 1314 2856 Nanclmng
1343 2791 1558 2855 oppidum
1580 2790 1792 2857 sexaginta
1810 2782 1947 2845 fficissfflt‘f

131 2867 196 2926 Ly
209 2866 359 2914 Sinkina
370 2864 533 2923 distans,
542 2863 795 2929 appulimus,
825 2864 916 2909 Situ
930 2898 941 2921 ,
956 2877 1004 2910 ut
1013 2875 1159 2909 caetera
1171 2858 1409 2907 Sinensium
1420 2861 1584 2925 oppida
1593 2896 1604 2918 ‚
1616 2860 1794 2926 quadra-

130 2948 202 2987 to,
215 2932 376 2980 ambitu
387 2933 535 2981 horam
548 2949 706 2998 aequat,
726 2932 794 2981 vel
813 2930 989 2996 superat.
1034 2933 1175 2977 Boreo
1186 2929 1304 2977 lateri
1321 2928 1566 2977 suburbium
1586 2928 1722 2976 multo
1733 2947 1794 2975 re-

129 3004 286 3051 fertum
298 3001 466 3068 populo
482 3041 494 3061 ,
516 3001 826 3068 splendidisque
848 3002 1057 3060 aedificiis3
1076 3000 1165 3047 duo
1185 3000 1255 3047 hic
1272 3016 1387 3047 arcus
1407 2998 1793 3066 triumphalesmio—

122 3084 385 3120 numentum
405 3071 582 3137 pristina:
602 3074 782 3122 fortunae
804 3092 813 3119 ε
844 3074 1044 3120 Imminet
1065 3071 1104 3115 ei
1126 3086 1248 3118 mons
1267 3069 1436 3135 Pcclmng
1460 3105 1473 3129 ,
1506 3088 1560 3118 ex
1581 3086 1670 3135 quo
1686 3085 1798 3131 aqua

1064 3138 1108 3185 K
1147 3156 1171 3203 3
1619 3150 1796 3184 centum
