2150 3370
413 123 482 184 acl
489 127 801 211 Magnum
817 122 1072 186 Tartariae
1088 126 1311 213 Sinaeque
1326 127 1388 208 C
1382 128 1584 193 hamum.
1795 158 1817 204 3

228 230 318 279 Sub
339 249 456 279 novo
475 231 580 279 orbe
602 246 700 296 apte
719 229 954 279 recensetur
973 244 1090 279 terrae
1100 232 1356 279 continentis
1367 239 1511 299 portio
1522 237 1819 290 meridionalis>

158 319 251 365 quae
266 303 288 348 a
301 303 439 365 primo
453 303 675 348 inventore
693 301 726 347 F
729 300 965 347 erdinando
984 299 1233 366 Magellano
1245 336 1257 359 5
1270 318 1382 348 anno
1395 303 1614 353 millesimo
1625 309 1821 372 quadrin-

159 369 391 437 gentesimo
403 373 449 418 8(
460 368 675 437 vigesimo,
685 368 975 437 Magellanicae
986 387 1146 417 nomen
1164 371 1359 428 retinuit3
1370 371 1437 431 cuj
1444 390 1488 418 us
1505 393 1595 422 oras
1605 378 1712 425 inter
1722 382 1818 424 An-

155 437 249 506 glos
258 441 399 505 primo
408 437 643 487 Franciscus
653 438 804 486 Drake
820 456 934 486 anno
945 437 1204 506 sexagesimo
1216 441 1369 503 quinto
1385 461 1397 497 3
1419 441 1528 487 inter
1540 445 1714 492 Batavos
1724 446 1820 495 Oli-

155 510 290 556 verius
300 508 354 555 de
365 511 510 556 Noort
521 506 828 576 septuagesimo
838 506 1018 573 septimo
1029 507 1306 574 appulerunt,
1322 526 1424 574 quas
1442 528 1579 574 nuper
1589 514 1621 559 F
1624 516 1817 563 erdinan-

154 578 231 624 dus
242 578 296 624 de
309 579 446 633 Qiier
457 578 666 643 Hispanus
678 576 848 624 ulterius
859 577 1033 624 detexit.

210 644 375 701 Asia2ut
385 646 563 712 reliquas
573 647 724 694 mundi
732 645 886 711 plagas,
896 660 1050 712 utpote
1060 645 1190 712 stopo
1200 645 1344 693 nostro
1354 646 1519 708 alienas,
1531 647 1695 696 silentio
1706 664 1817 699 tran-
1835 662 1970 707 Temni

151 714 332 774 scamus,
353 733 439 780 qua
461 715 795 781 septentrionem
812 714 969 780 speetat
988 717 1091 763 mari
1110 717 1356 775 Tartarico,
1378 735 1462 782 qua
1483 721 1711 767 Orientem
1733 738 1817 768 ma-
1833 703 1986 783 ‘ffleaediffls‘

153 802 243 850 gno
253 786 357 832 mari
370 786 517 832 Indico
528 819 542 840 ,
562 788 661 832 Eoo
672 784 806 843 dicto,
817 787 840 832 a
852 785 1028 833 meridie
1040 786 1142 832 mari
1156 784 1302 844 rubro,
1312 785 1365 832 ab
1376 788 1601 836 occidente
1612 787 1700 835 sinu
1713 793 1818 838 Ara·
1836 785 1884 816 ¹³0·
1968 784 1971 785 ⁷

153 853 254 900 bico
267 887 281 909 ,
300 857 346 902 8(
359 867 474 901 terrae
495 855 751 901 continentis
776 853 909 902 traEtu
920 856 1028 901 inter
1039 854 1198 902 dietum
1210 853 1345 902 finum
1355 892 1367 915 5
1387 858 1432 903 8(
1444 874 1557 904 mare
1575 859 1818 906 mediterra-

152 941 284 970 neum
295 958 309 978 ‚
329 922 605 971 concluditur.
641 923 936 989 Longitudine
947 922 1002 971 ab
1018 926 1158 971 Helles
1170 937 1279 986 ponto
1296 923 1350 971 ad
1369 927 1606 981 Malaklamz,
1617 926 1816 976 ultimum

150 992 368 1039 Indiarum
389 993 631 1057 emporium
651 1028 663 1051 ,
686 991 800 1039 mille
822 995 867 1041 8(
885 1006 1071 1041 trecenta
1085 1029 1098 1052 >
1120 991 1344 1041 latitudine
1363 1012 1466 1043 vero
1487 995 1542 1042 ab
1562 995 1671 1043 ostio
1694 999 1816 1045 Sinus

151 1060 328 1109 Arabici
341 1062 395 1109 ad
407 1075 580 1127 portum
593 1059 729 1120 Tabim,
740 1060 854 1110 mille
863 1064 909 1110 8(
921 1063 1071 1130 viginti
1082 1060 1270 1110 milliaria
1281 1064 1536 1111 Germanica
1548 1067 1750 1113 continet.

219 1129 427 1179 Universa
438 1129 690 1194 Asia,quam
702 1129 823 1178 Prisci
833 1133 877 1179 in
888 1148 1085 1199 magnam
1099 1133 1144 1179 8(
1157 1149 1332 1196 parvam
1342 1165 1357 1186 2
1377 1134 1400 1179 a
1416 1135 1707 1181 Neotericisin
1720 1138 1814 1184 Per-

151 1198 266 1254 fiam,
277 1201 511 1264 Imperium
519 1201 767 1259 Turcicum,
777 1200 915 1248 Indias
925 1218 1024 1248 cum
1035 1199 1433 1259 insulis3Tartariam
1446 1204 1491 1249 8(
1505 1205 1648 1250 Sinam
1660 1203 1814 1252 dividi-

151 1281 220 1316 tur
239 1288 249 1315 :
281 1270 369 1317 haec
387 1267 488 1317 Asia
500 1267 557 1316 est
573 1267 642 1316 illa
651 1268 771 1336 globi
782 1272 990 1335 terraquei
1002 1271 1150 1335 portio
1160 1306 1173 1329 >
1188 1287 1318 1334 quam
1331 1270 1585 1336 praereliquis
1595 1271 1725 1339 elegit
1738 1273 1813 1321 Al-

149 1338 337 1397 tiffimus,
346 1339 434 1385 haec
443 1352 636 1404 parentes
647 1338 808 1387 nostros
818 1338 909 1387 sinu
919 1339 994 1387 suo
1007 1338 1182 1405 suscepit
1193 1376 1208 1398 ,
1229 1340 1389 1387 exinde
1405 1354 1644 1405 propagato
1657 1357 1813 1390 morta-

148 1405 254 1454 lium
266 1425 420 1474 genere
430 1406 610 1455 coloniae
618 1427 694 1474 per
706 1407 884 1474 reliquas
895 1408 1007 1456 orbis
1016 1422 1153 1475 partes
1161 1406 1292 1474 longe
1300 1407 1472 1474 lateque
1490 1409 1650 1458 diffusae
1666 1430 1676 1456 t
1708 1415 1812 1459 Haec

148 1474 284 1541 lapsos
299 1475 595 1542 protoplastas,
609 1477 695 1525 haec
713 1479 889 1526 demum
905 1477 1041 1542 ipsum
1053 1480 1203 1526 Deum
1216 1479 1378 1544 generis
1397 1480 1571 1526 humani
1585 1479 1811 1535 vindicem,

148 1563 198 1592 ac
215 1544 470 1593 servatorem
489 1545 674 1594 humana
683 1546 820 1612 specie
831 1545 940 1594 tulit.
975 1550 1078 1594 Haec
1089 1547 1144 1593 de
1155 1546 1255 1594 Asia
1272 1546 1456 1594 breviter
1471 1547 1578 1595 dicia
1588 1547 1811 1607 sufficiant,

147 1631 248 1661 eum
260 1615 304 1660 in
317 1614 448 1662 finem
461 1607 662 1663 utleEtori
676 1614 853 1674 constet,
863 1617 906 1661 in
918 1633 1003 1680 qua
1014 1615 1165 1662 mundi
1175 1614 1302 1680 plaga
1316 1617 1521 1680 Regnum
1536 1618 1642 1663 Sinae
1655 1652 1668 1676 5
1685 1617 1811 1665 nobis

147 1681 493 1744 describendum,
512 1682 636 1732 situm
655 1682 716 1732 fit.

217 1753 317 1799 Sina
327 1755 546 1817 Europaeis
565 1753 700 1812 China,
720 1751 789 1801 vel
808 1751 972 1815 Tschina
984 1792 998 1813 ,
1018 1754 1205 1801 Tartaris
1226 1754 1339 1815 δαΐα]
1351 1790 1364 1812 5
1381 1754 1471 1817 ejus
1492 1754 1641 1802 incolae
1660 1753 1806 1803 iisdem
1826 1766 1915 1797 Ratio
1931 1768 1969 1797 E·

143 1819 310 1885 'Mangin
322 1818 389 1868 vel
401 1820 587 1879 Mantlm,
598 1820 643 1867 id
654 1820 713 1867 est
724 1820 893 1868 Barbari
903 1821 1111 1870 dicuntur.
1162 1823 1226 1868 M.
1239 1820 1390 1869 Paulus
1403 1826 1595 1870 Venetus
1605 1860 1616 1882 ,
1635 1823 1710 1889 qui
1724 1825 1806 1889 pri·
1823 1807 1971 1880 ξζᾟξᾞξ

144 1907 239 1938 mus
249 1890 399 1937 harum
415 1892 643 1956 regionum
664 1891 862 1937 notitiam
884 1907 999 1938 anno
1020 1888 1244 1937 millesimo
1254 1891 1674 1958 quadringentesimo
1685 1892 1805 1941 sexto
1824 1893 1960 1924 ”¹⁵5¹nae·

142 1963 331 2025 Europae
350 1957 517 2014 intulit,
539 1956 616 2006 sub
646 1960 790 2021 Catayae
804 1960 981 2008 nomine
1008 1978 1075 2007 eas
1096 1958 1301 2007 describit.
1348 1961 1432 2008 Sed
1455 1960 1672 2025 praevaluit
1690 1963 1806 2011 Chinae

143 2046 306 2077 nomen
317 2062 332 2084 ,
354 2028 475 2094 quod
493 2026 682 2076 Lusitani
696 2029 988 2077 Cantonenses
1011 2030 1134 2094 primi
1145 2027 1410 2094 usurparunt.
1448 2029 1532 2095 Ipsi
1553 2029 1742 2079 Sinenses
1757 2046 1806 2080 ut

143 2096 312 2147 familiae
322 2099 643 2164 exuperantiam
657 2134 670 2158 ³
689 2100 747 2147 ita
758 2116 916 2146 nomen
930 2100 1098 2164 imperii
1109 2110 1277 2146 mutant
1288 2135 1301 2158 ‚
1321 2099 1438 2147 unde
1451 2098 1566 2146 Tlmn
1577 2098 1708 2148 latum
1720 2099 1806 2149 sine

143 2165 248 2221 fine,
261 2168 314 2213 Υιι
331 2168 449 2233 quies
461 2204 474 2227 a
490 2165 580 2214 Tlm
599 2184 805 2235 magnum
817 2205 830 2229 5
846 2170 969 2217 Sciam
979 2181 1278 2215 ornamentum
1289 2205 1301 2227 5
1322 2168 1416 2217 Chen
1431 2169 1666 2234 perfe&um
1676 2206 1688 2229 3
1699 2173 1808 2217 Han

144 2238 214 2285 via
233 2235 362 2283 la&ea
382 2236 479 2284 coeli
493 2235 597 2283 olim
615 2237 856 2286 vocabatur.
892 2237 982 2286 Sub
999 2235 1230 2288 Ciufamilifi
1243 2241 1333 2287 Min
1350 2274 1363 2296 ,
1385 2237 1429 2284 id
1441 2237 1500 2286 est
1511 2237 1736 2303 splendor,
1757 2242 1805 2287 8(

145 2305 302 2364 Tamin,
322 2304 389 2352 vel
410 2304 561 2352 Taimin
580 2323 759 2372 regnum
782 2309 925 2372 magni
936 2305 1168 2371 splendoris
1182 2342 1195 2364 5
1210 2308 1406 2353 trecentis
1418 2309 1535 2353 annis
1547 2320 1644 2353 ante
1658 2310 1806 2365 Ivena,

141 2377 386 2441 Imperante
405 2374 583 2438 Tay-juen
604 2409 618 2432 3
635 2373 961 2433 nominabatur,
988 2373 1119 2420 hodie
1140 2373 1163 2419 a
1180 2374 1366 2420 Tartaris
1381 2375 1525 2439 Regni
1545 2373 1621 2421 sub
1642 2392 1805 2443 magno

144 2444 320 2491 Chamo
340 2441 833 2509 possessoribuffiTai'c'ing
849 2442 1002 2491 dicitur
1014 2481 1023 2491 .
1066 2443 1177 2488 Duo
1195 2454 1340 2489 tamen
1358 2446 1607 2491 communia
1627 2447 1805 2492 nomina

146 2512 276 2561 habet
298 2508 519 2578 Chungchoa
540 2512 730 2560 medium
750 2515 981 2579 Regnum,
1004 2512 1195 2577 Chungque
1215 2512 1361 2559 hortus
1380 2513 1543 2560 medius
1555 2549 1567 2572 a
1585 2513 1705 2577 quod
1715 2530 1804 2559 cre-

147 2582 299 2630 derent
316 2595 469 2630 terram
480 2581 561 2629 effe
576 2581 823 2646 quadratam
835 2618 848 2641 5
869 2584 914 2629 8(
932 2584 977 2629 in
995 2579 1084 2644 ejus
1093 2579 1332 2628 meditullio
1345 2583 1487 2629 Sinam
1510 2600 1520 2625 :
1551 2580 1682 2629 Unde
1693 2600 1803 2648 aegre

147 2650 594 2716 ferebant,Europaeos
606 2651 749 2698 Sinam
760 2652 804 2697 in
815 2652 975 2698 extima
987 2649 1096 2698 Afiae
1103 2667 1176 2698 ora
1195 2648 1380 2699 locantes
1395 2674 1408 2710 3
1433 2649 1552 2713 quod
1564 2649 1800 2714 deprehen-

149 2718 249 2768 dens
260 2719 444 2768 Mathias
456 2721 623 2767 Riccius
633 2722 754 2767 Pater
767 2721 984 2767 Societatis
995 2723 1207 2785 Mappam
1219 2756 1232 2778 3
1250 2721 1307 2767 ita
1318 2717 1529 2783 disposuit,
1538 2730 1586 2765 ut
1602 2720 1645 2765 in
1655 2719 1802 2766 medio

150 2787 239 2850 ejus
250 2790 347 2836 Sina
357 2789 648 2836 conficeretur.
684 2788 767 2835 Sed
772 2790 861 2853 jam
880 2786 999 2836 illum
1017 2805 1202 2836 errorem
1212 2787 1288 2853 ipsi
1296 2787 1447 2834 rident.
1481 2790 1689 2835 Attamen
1703 2788 1801 2835 fini-

150 2858 262 2902 timae
273 2872 414 2922 gentes
435 2857 543 2905 hanc
561 2856 753 2905 ufitatam
775 2860 967 2905 Sinarum
985 2858 1168 2904 nominis
1184 2857 1328 2923 Regni
1339 2873 1436 2904 cum
1447 2859 1624 2904 nomine
1632 2855 1800 2904 familiae

147 2926 417 2990 imperatricis
428 2925 749 2975 vicissitudinem
760 2944 911 2992 parum
924 2925 1165 2973 aestimantes
1174 2963 1186 2985 5
1204 2928 1316 2990 prius
1331 2926 1523 2973 auditum
1535 2928 1801 2974 retinuerunt

147 3011 308 3042 nomen
332 3014 345 3052 3
376 3011 474 3043 nam
490 2994 783 3056 IQuchenchinae
799 2998 845 3044 8(
867 2997 996 3043 Siamz'z'
1014 2995 1098 3042 hoc
1117 2996 1344 3060 imperium
1367 2996 1433 3044 Cin
1446 3030 1459 3054 ‚
1477 2996 1651 3063 Japonii
1671 2993 1802 3054 Thau,

146 3064 314 3113 Tartari
330 3065 451 3125 Han,
470 3066 623 3114 Turcae
644 3066 690 3114 &
708 3067 903 3115 Saraceni
915 3066 1111 3130 Katayum
1127 3077 1292 3115 vocant.
1334 3065 1411 3114 De
1429 3067 1597 3133 origine
1617 3065 1802 3114 nominis

1087 3135 1131 3182 A
1169 3151 1194 3181 2
1649 3133 1802 3180 Chinae
