2114 3412
73 747 234 791 Narrgltt‘ng

73 802 160 822 nonae
177 795 233 823 Im-

71 837 146 874 perii
168 837 237 865 Pro-

71 878 175 907 vinciae
185 877 219 907 fi-

72 921 123 949 nis.

71 2344 218 2374 Numerus

71 2384 195 2417 urbium.

263 101 332 154 84
644 76 783 142 ‘Pars'
790 78 954 160 prima
974 73 1252 162 Legationis
1273 77 1537 136 Batavicae

257 189 461 237 abstinere
472 185 711 235 maluerunt
722 184 905 249 prandio
917 219 929 242 ,
946 201 1076 250 quam
1098 179 1346 231 miserorum
1357 181 1498 230 stultas
1508 200 1651 247 preces
1662 181 1819 230 diutius
1830 186 1932 249 pati.

259 258 492 323 Conspeffi
511 256 610 303 inde
622 253 750 320 pisces
760 255 803 300 in
815 271 937 319 aqua,
947 268 995 301 ut
1004 252 1123 312 solet,
1136 251 1311 301 latentes
1323 286 1335 307 ,
1348 266 1471 299 tauto
1482 250 1750 318 stupidorum
1762 266 1934 314 terrore,

256 343 305 375 ut
315 345 426 393 pene
435 328 650 374 exanimes
658 322 986 382 collaberentur,
996 338 1108 371 certa
1120 321 1400 388 persuasione,
1416 324 1677 370 Daemonem
1689 320 1808 369 illum
1817 322 1934 388 palua

257 396 380 444 strem
395 395 632 443 evertendae
644 395 741 442 navi
750 394 839 458 jam
852 393 1049 440 mandata
1062 392 1233 440 dedisse.

324 468 492 531 Pengcea
505 463 599 531 post
621 478 790 530 tergum
809 461 949 509 reliSta
968 462 1061 509 du'ae
1082 463 1187 508 circa
1212 462 1431 509 meridiem
1449 461 1658 509 columna:
1680 461 1826 508 medio
1849 463 1933 510 flu-

257 536 328 580 vio
351 548 604 602 exurgentes
622 531 856 598 conspe&ae
879 568 891 591 ,
920 550 1014 597 quae
1026 533 1249 598 Kiangsiam
1262 533 1469 596 Nanltinga
1481 531 1771 579 disterminant
1783 568 1795 591 ,
1812 531 1932 595 cujus

256 603 362 651 fines
373 622 470 651 cum
478 598 693 666 majorum
710 638 723 661 ,
745 603 1049 665 minorumque
1059 603 1280 649 civitatum
1296 618 1478 648 numero
1490 640 1503 661 2
1517 604 1617 648 utin
1630 598 1820 666 reliquis,
1833 620 1933 667 pra:—

260 675 487 721 mittemus

325 742 712 808 Ntmkingffartaris
723 743 941 806 Kingnan,
953 757 1066 787 nona
1086 742 1233 806 Regni
1249 742 1471 788 Provincia
1491 740 1544 788 ad
1557 743 1720 787 Ortum
1733 742 1777 788 8(
1790 742 1933 788 Nota-

257 811 464 878 peliotem
479 817 664 860 Oceano
676 809 864 858 alluitur:
882 808 1086 857 Austrum
1099 810 1294 875 Claeking,
1307 810 1597 858 Occidentem
1609 813 1807 876 chqung
1816 846 1828 867 ,
1839 812 1933 857 No-

257 881 494 947 tolybicum
507 883 684 945 Kingsi,
696 878 1014 944 Barrolybicum
1028 881 1093 928 H
1091 898 1196 934 onan,
1206 894 1353 927 caetera
1366 883 1586 946 Xangtung
1597 878 1769 926 claudit.
1791 879 1932 935 Olim,

255 966 486 1017 antequam
500 952 702 1014 Pekingum
713 952 995 1015 Imperatores
1005 948 1192 1014 Taimingi
1203 950 1431 1016 migrarent
1443 952 1507 1007 ,in
1519 948 1597 995 hac
1604 950 1782 1015 regione
1796 952 1935 1015 Impe-

258 1023 306 1068 rii
318 1021 433 1069 sedes
446 1020 527 1068 fuit
538 1054 552 1074 2
574 1022 874 1084 &quanquam
884 1017 1075 1066 transsata
1086 1018 1483 1077 aulo,nihilominus
1493 1017 1837 1084 omnissplendor
1851 1057 1864 1078 ,
1885 1022 1932 1068 8(

257 1089 528 1157 Magistratus
548 1088 702 1155 priscus
720 1091 766 1136 in
790 1091 841 1136 efi
862 1087 993 1154 usque
1015 1087 1069 1134 ad
1080 1086 1272 1136 ultimam
1285 1090 1549 1136 Tartaricam
1560 1087 1794 1136 vastitatem
1804 1087 1934 1137 serva-

257 1173 333 1207 tus.
370 1159 457 1206 Sed
466 1160 632 1206 Tartari
651 1158 802 1206 cun<5ia
823 1158 1015 1206 funditus
1024 1159 1208 1223 antiquae
1221 1158 1362 1225 gloriae
1373 1173 1652 1206 monumenta
1665 1195 1677 1218 ,
1698 1156 1932 1224 Palatia,se-

257 1228 434 1293 pulchra
449 1227 759 1283 destruxerunt,
770 1226 994 1293 ipsumque
1005 1244 1165 1276 nomen
1174 1228 1361 1294 Mmkz'ng
1373 1230 1415 1275 in
1429 1227 1651 1294 IQvagnan,
1660 1226 1774 1274 urbis
1784 1232 1933 1293 Ingtien

257 1301 301 1344 in
314 1301 532 1363 Kiangning
543 1312 762 1346 mutarunt
774 1317 782 1343 :
808 1297 924 1344 unde
935 1297 1066 1344 hodie
1075 1296 1336 1365 magistratus
1357 1300 1402 1345 8(
1414 1300 1559 1364 Regio
1575 1296 1799 1362 splendore
1810 1296 1934 1346 orba·
1976 1297 1980 1301 ’

259 1381 322 1427 ta,
345 1366 405 1413 nil
417 1365 492 1414 nisi
508 1367 671 1427 rudera,
682 1370 727 1416 8(
739 1368 877 1414 ruinas
888 1365 1083 1415 ostendit.

327 1435 515 1483 Cunfiiae
528 1438 635 1484 Sinae
644 1439 865 1504 Regiones
874 1434 1100 1501 splendore
1109 1434 1533 1496 urbium,fertilitate,
1543 1437 1791 1496 mercatura,
1800 1454 1849 1484 ac
1862 1454 1935 1485 na-

259 1507 300 1552 vi
305 1507 478 1572 gatione
491 1504 656 1571 superat
675 1525 685 1552 :
711 1507 840 1554 totius
851 1505 964 1552 orbis
975 1524 1103 1554 naves
1114 1507 1160 1553 8(
1172 1519 1451 1553 mercaturam
1460 1507 1504 1552 in
1517 1505 1596 1552 hac
1608 1507 1832 1554 Provincia
1840 1505 1931 1553 col—

257 1573 409 1623 lectam
421 1589 558 1640 puteS,
566 1579 666 1641 quia
682 1574 861 1623 flumina
873 1575 966 1641 ejus
976 1593 1052 1641 per
1063 1589 1206 1623 totum
1219 1577 1449 1641 Imperium
1459 1574 1592 1641 sparsa
1601 1609 1615 1630 ‚
1627 1578 1670 1622 in
1686 1593 1835 1624 omnes
1846 1575 1934 1641 pla-

259 1664 330 1712 gas
340 1647 507 1711 navigia
518 1648 742 1706 emittunt,
762 1647 1004 1711 iterumque
1015 1647 1228 1712 recipiunt
1238 1644 1456 1693 beneficio
1469 1645 1590 1694 fluvii
1601 1647 1735 1712 Kiang
1745 1679 1760 1700 ,
1783 1648 1934 1694 naturit-

258 1717 305 1762 &
317 1728 404 1762 arte
416 1716 459 1762 in
471 1714 724 1781 multiplices
745 1714 905 1763 diduffi
915 1713 1091 1774 canales,
1103 1717 1178 1781 qui
1189 1717 1318 1782 Regii
1331 1714 1602 1782 aquaedu&us
1612 1728 1831 1763 vocantur.
1860 1718 1932 1763 In-

255 1785 388 1849 genio
399 1785 639 1845 moderato,
649 1787 746 1846 acri,
756 1784 947 1834 humano
956 1784 1208 1833 suntincolae
1218 1787 1325 1850 ejus,
1336 1786 1380 1832 in
1388 1785 1570 1852 opificiis
1578 1783 1726 1845 seduli,
1735 1787 1780 1833 8(
1791 1786 1934 1851 periti.

255 1853 502 1902 Dmstorum
514 1873 690 1921 quoque
700 1873 854 1923 magna
865 1856 992 1921 copia
1004 1891 1016 1914 ,
1039 1857 1113 1921 qui
1133 1857 1178 1903 in
1197 1855 1344 1903 scholis
1360 1856 1451 1919 ejus
1460 1856 1768 1903 examinantur.
1801 1856 1932 1905 serici

257 1922 505 1971 inexhausta
526 1928 651 1991 copia
661 1959 676 1980 ,
695 1927 741 1973 8(
760 1925 941 1990 goffypii
962 1943 972 1970 :
992 1925 1107 1972 unde
1121 1923 1462 1990 frequentiffimae
1472 1926 1666 1972 textrinae
1689 1946 1703 1981 3
1739 1921 1824 1970 sola
1834 1922 1933 1971 urbs

261 2000 327 2043 X
328 1992 461 2058 anglmi
470 2010 570 2040 cum
580 1995 726 2041 vicinis
736 1995 853 2060 pagis
861 1993 1047 2040 ducenta
1055 1993 1186 2041 millia
1195 2007 1413 2041 textorum
1422 1992 1494 2041 alit
1506 2029 1518 2052 ,
1536 1992 1721 2040 faeminas
1731 2010 1932 2060 magnam

261 2075 426 2127 partem
441 2083 454 2120 3
471 2079 570 2109 nam
580 2064 656 2110 viri
668 2080 790 2130 agros
799 2061 962 2121 colunt,
972 2074 1249 2111 mercaturam
1260 2076 1463 2111 exercent
1473 2099 1485 2122 ,
1509 2065 1554 2110 8(
1566 2063 1672 2110 dum
1686 2060 1875 2110 mulieres
1886 2060 1933 2108 li-
1957 2091 1962 2095 -

257 2133 370 2178 cium
383 2134 617 2179 textoriurn
628 2133 805 2180 tra&ant
820 2168 832 2191 ,
850 2130 927 2197 ipsi
948 2130 1179 2179 liberorum
1190 2151 1332 2180 curam
1346 2146 1499 2200 gerunt
1510 2170 1521 2192 ³
1541 2150 1588 2179 ac
1599 2129 1829 2179 domestica
1840 2149 1930 2179 mu-

255 2203 324 2247 nia
341 2199 520 2248 obeunt.
580 2201 809 2264 Qidquid
837 2202 881 2248 in
902 2201 1114 2268 Nangking
1133 2202 1408 2269 opificiorum
1429 2202 1679 2261 conficitur,
1701 2219 1778 2268 per
1793 2214 1930 2250 totam

256 2272 401 2317 Sinam
420 2270 641 2319 aestimatur
652 2308 665 2330 ,
683 2289 731 2319 ac
746 2268 918 2336 reliquis
932 2272 1160 2336 praefertur.
1452 2304 1454 2306 v
1560 2305 1561 2309 =

322 2339 591 2404 Metropoles
606 2340 737 2389 habet
750 2340 1076 2405 quatuordecim
1088 2377 1100 2400 ,
1119 2340 1340 2407 Kimggning
1350 2378 1362 2401 ,
1378 2341 1583 2408 thgycmg
1596 2375 1610 2396 ,
1629 2342 1790 2398 Sucheu,
1808 2342 1930 2406 Sang-

252 2410 361 2474 kimgg
372 2446 385 2469 ,
410 2410 624 2475 Chatgcheu
635 2446 647 2468 ,
672 2409 873 2475 Chinkiang
884 2447 896 2469 ,
926 2412 960 2456 Y
956 2410 1138 2476 angcheu,
1170 2412 1354 2477 Hoasgan
1363 2444 1376 2465 ‚
1399 2411 1556 2458 Lucheu
1566 2444 1580 2465 ‚
1612 2413 1784 2476 Ganking
1796 2446 1808 2469 ,
1837 2409 1931 2456 Tai-

248 2482 362 2544 ping,
387 2478 570 2544 Ningque
583 2515 595 2537 ,
617 2479 768 2527 Chtcheu
783 2515 796 2538 ,
810 2481 856 2527 8(
873 2480 1080 2529 Hoeicheu.
1128 2478 1269 2530 Urbes
1284 2494 1458 2528 centum
1473 2483 1519 2529 8(
1537 2480 1707 2538 decem,
1732 2497 1826 2544 quae
1845 2477 1933 2527 aliis

255 2549 486 2613 imperant,
503 2550 549 2596 8(
560 2549 827 2596 innumeram
838 2549 1123 2615 oppidorum,
1140 2567 1438 2618 pagorumque
1449 2549 1779 2597 multitudinem.

323 2617 366 2664 K
382 2636 395 2664 1
410 2635 432 2664 Α
446 2635 473 2663 N
484 2635 509 2663 G
522 2635 576 2664 NI
591 2636 618 2663 N
628 2636 654 2663 G
664 2652 678 2673 ‚
701 2620 888 2666 Tartaris
904 2622 1042 2685 Ingtien
1063 2622 1108 2668 8(
1127 2621 1311 2684 Nanking
1326 2654 1339 2678 ,
1357 2622 1492 2685 prima
1515 2619 1744 2666 Provinciae
1759 2619 1929 2682 Metro-

257 2684 387 2750 polis,
412 2687 467 2734 de
479 2705 562 2753 qua
580 2687 688 2736 infra
708 2688 854 2747 latiuS,
871 2687 1033 2754 septem
1051 2689 1296 2738 moderatur
1318 2689 1465 2749 urbes,
1488 2690 1721 2753 Kiangnitg,
1737 2689 1932 2753 Kieqmg,

258 2755 450 2820 Lieyang,
467 2758 631 2816 Liexui,
652 2759 826 2815 Coaxun,
842 2760 1047 2824 Kiangpu,
1071 2762 1117 2807 8(
1139 2760 1261 2807 L0h0.

327 2824 360 2868 F
374 2841 401 2869 υ
417 2843 444 2869 N
457 2843 482 2869 G
498 2844 524 2872 Y
540 2844 565 2872 A
583 2845 611 2872 N
623 2845 649 2872 G
670 2826 852 2874 secunda
876 2829 1104 2876 Provinciae
1126 2827 1385 2894 Metropolis
1402 2861 1416 2883 ,
1435 2828 1458 2875 εὶ
1476 2824 1708 2875 sacrificulo
1726 2824 1930 2892 Uzimmgae

258 2889 424 2939 familiae
434 2895 603 2944 auetore
618 2931 631 2951 ‚
651 2895 827 2944 extenso
847 2895 978 2965 longe
989 2897 1169 2964 ‘lateque
1189 2899 1388 2964 pomerio
1400 2933 1412 2955 ,
1431 2895 1638 2962 novisque
1650 2913 1698 2943 ac
1707 2894 1932 2943 fortiffimis

259 2959 480 3009 nobilitata
492 2965 714 3025 maenibus,
726 2984 820 3030 quae
830 2968 1065 3034 quingenta
1075 2967 1202 3015 stadia
1213 2966 1289 3014 suo
1301 2965 1466 3013 ambitu
1473 2965 1693 3032 complent
1701 3002 1713 3024 ,
1726 2967 1769 3012 in
1780 2978 1933 3012 monte

258 3025 331 3078 fita
340 3028 398 3078 est
407 3063 421 3085 ,
440 3031 507 3094 cuj
513 3050 558 3080 us
569 3034 853 3084 amaenicolles
864 3038 907 3084 in
922 3035 1008 3102 ipsa
1020 3036 1126 3085 urbe
1137 3037 1306 3103 privatis
1319 3072 1331 3096 ,
1348 3034 1612 3103 publicisque
1631 3035 1818 3085 aedificiis
1830 3050 1931 3080 con-

1797 3101 1926 3167 spicui
