2050 3412
319 150 706 236 adQMagnum
724 151 973 212 Tartari-ie
992 158 1211 239 Sinaeque
1237 155 1464 216 Chamon.
1610 181 1631 218 1
1645 181 1666 224 3
1684 195 1706 230 1

81 253 158 300 bus
169 252 439 309 adornatum,
455 269 549 315 quae
566 249 823 312 majestatem
839 251 991 299 decent
1005 276 1017 311 3
1051 270 1193 318 neque
1209 255 1415 302 honorem
1432 254 1554 302 istum
1566 254 1606 301 se
1617 274 1717 320 prou

82 321 272 370 meruiffe
287 359 301 380 ,
321 319 475 384 pudori
487 319 763 385 suogravem3
799 337 939 383 neque
958 322 1153 368 humeros
1170 322 1314 369 afferre
1324 338 1449 370 tantae
1467 325 1569 371 moli
1582 342 1712 388 pares,

86 396 182 441 Yaus
196 390 377 437 hominis
388 391 429 436 in
441 388 681 454 respuendo
691 392 876 453 Imperio
885 389 1159 436 constantiam
1175 392 1399 439 admiratus
1412 430 1424 451 ‚
1440 394 1560 457 quod
1571 394 1640 441 alii
1651 395 1715 440 ul-

83 475 152 508 tro
166 478 213 506 ac
231 476 306 522 per
317 457 642 516 viminvadunt3
677 471 823 524 rogat,
839 457 869 505 si
886 473 1081 524 gravetur
1091 476 1268 523 regnum
1279 460 1391 506 adire
1402 501 1415 520 ,
1440 479 1569 525 quem
1587 464 1717 528 igitur

83 529 213 576 alium
230 528 397 577 honore
410 526 485 573 illo
502 527 682 591 dignum
696 526 857 588 judicet
876 530 890 571 ἶ)
929 529 1011 573 Hic
1029 530 1195 592 Sungous
1216 531 1258 574 in
1278 531 1473 575 omnium
1495 531 1716 596 Magistra-

84 611 205 644 tuum
225 594 609 661 Praefe&oru1nque
624 611 782 642 corona
800 596 858 642 ita
874 591 1178 661 Imperatorem
1197 595 1439 661 alloquitur„
1487 602 1646 664 Quido
1663 603 1717 648 itu
1732 623 1879 665 conoqui

86 685 146 713 me
156 667 205 713 de
214 668 340 713 idoneo
359 669 460 731 regni
463 658 671 731 successore
691 671 877 728 compellas
889 703 902 724 ,
924 667 1070 731 qualem
1086 665 1243 730 mesore
1263 669 1540 731 necquidquam
1559 669 1625 715 tihi
1631 683 1716 731 per-
1731 666 1860 695 ”icum

75 735 275 800 fimseras‚·
285 753 356 783 non
365 736 537 801 equidem
546 734 779 799 dissimulabo
789 769 801 792 ,
811 737 911 800 quod
918 737 935 781 ὲ
942 754 982 782 re
993 748 1058 782 tua
1067 736 1419 800 regniquesicturum
1430 737 1611 801 existimo.
1646 739 1718 800 Est
1730 705 1835 786 igi-{¹¹3
1843 705 1883 736 de

87 808 125 851 in
140 818 205 851 tua
215 806 353 851 ditione
362 805 533 870 agricola,
544 806 695 869 conjugii
705 804 824 850 adhuc
834 818 985 866 expers,
994 806 1095 851 homo
1105 807 1263 851 omnium
1269 804 1437 866 sermone
1444 806 1576 866 probus
1587 843 1599 865 ‚
1609 825 1717 871 quem
1733 786 1851 858 {igisph‘

87 875 130 920 ob
144 877 323 936 pietatem
334 892 377 919 ac
388 891 526 919 morum
537 877 705 938 gratiani
723 876 835 919 omnis
848 875 1039 939 agrestium
1059 877 1194 920 vicinia
1211 886 1413 920 veneratur
1424 878 1467 921 Εἴ
1477 889 1600 932 amat,
1619 880 1718 940 agris

87 946 288 1004 etiamsuias
306 961 349 989 ac
358 942 524 989 domibus
534 943 588 988 ad
603 943 715 1006 ipsius
743 944 928 989 commoda
947 942 1124 1006 usumque
1132 943 1266 1007 sponte
1284 943 1430 989 oblatis.
1465 944 1536 995 Ab
1555 945 1720 1009 ejusdem

87 1025 182 1059 nutu
200 1016 242 1060 ξδ’
252 1030 311 1058 ore
322 1013 365 1057 ob
373 1024 584 1073 conceptam
599 1012 648 1057 de
668 1013 759 1056 illius
778 1014 991 1077 integritate
1011 1014 1210 1074 opinionem
1228 1015 1283 1059 ita
1298 1012 1464 1075 pendent
1482 1048 1494 1071 ,
1526 1027 1568 1060 ut
1587 1016 1665 1074 ejus
1682 1017 1719 1060 in

87 1085 238 1129 eventis
249 1082 411 1128 omnibus
426 1080 832 1143 coiifiliumseqimntur.
851 1084 967 1129 Huic
975 1100 1102 1127 nomen
1112 1083 1266 1127 Xunus
1277 1083 1338 1145 est.
1350 1083 1470 1128 Pater
1483 1085 1530 1128 iffi·
1539 1081 1719 1142 Cuseus,

88 1151 373 1216 homostolidus3
394 1162 514 1195 mater
523 1150 623 1195 ultra
633 1152 799 1195 innatam
805 1149 966 1210 foeminis
981 1152 1246 1215 garrulitatem
1249 1151 1433 1216 singulari
1446 1154 1536 1197 vitio
1546 1152 1688 1216 loquax
1705 1173 1718 1210 3

77 1221 226 1286 fratres
242 1219 391 1282 superbi
401 1237 445 1265 ac
449 1221 675 1280 pervicaces.
724 1222 822 1266 Hos
847 1233 972 1265 tamen
980 1219 1146 1283 obsequio
1160 1223 1201 1266 Εἴ
1215 1217 1453 1283 submissione
1470 1224 1566 1266 inter
1575 1234 1651 1267 tam
1661 1222 1722 1267 di-

91 1290 335 1355 veissist‘udia
350 1291 402 1334 ita
412 1290 588 1334 continuit
600 1323 614 1346 ,
621 1300 662 1333 ut
673 1306 740 1333 non
751 1287 855 1333 modo
858 1294 883 1351 J
884 1307 903 1333 e
914 1308 994 1334 cum
1004 1290 1105 1354 ipsis,
1116 1301 1247 1335 verum
1256 1291 1369 1334 etiam
1386 1308 1468 1335 cum
1482 1293 1626 1335 *virtute
1636 1303 1723 1337 tan-

87 1361 173 1406 dem
185 1360 349 1405 redirent
363 1360 399 1403 in
399 1359 581 1421 gratiam.
604 1357 748 1421 Neque
758 1371 950 1404 contentus
961 1359 1047 1403 alios
1046 1357 1184 1421 facere
1193 1359 1354 1404 meliores
1364 1393 1376 1415 ,
1409 1358 1571 1423 seipsum
1580 1376 1723 1423 quoque

88 1433 124 1477 in
133 1431 212 1476 dies
224 1431 339 1493 magis
352 1427 530 1491 castigans
540 1427 593 1473 ad
602 1428 753 1472 virtutis
765 1426 904 1472 culmen
922 1428 1087 1472 enititiur
1096 1463 1109 1485 ‚
1122 1429 1273 1492 juratus
1290 1439 1423 1488 pravae
1422 1427 1617 1489 societatis
1628 1428 1718 1492 ofin‘.

86 1501 190 1547 Haec
203 1499 341 1562 Sungoi
354 1497 493 1541 oratio
502 1494 597 1543 fuit.
633 1494 814 1540 Addunt
824 1495 931 1540 Sinae
946 1494 1059 1541 hunc
1089 1496 1226 1560 ipinm
1245 1502 1308 1545 X
1309 1513 1421 1542 unum
1434 1507 1531 1542 toto
1554 1508 1724 1560 tempo-

85 1585 153 1625 re,
167 1583 259 1632 quo
276 1566 361 1613 ruri
376 1563 523 1611 stivam
532 1582 580 1611 ac
588 1562 786 1628 deinceps
806 1564 850 1611 in
861 1566 994 1630 Regia
1008 1566 1238 1629 Imperium
1255 1564 1393 1624 rexit,
1416 1580 1635 1630 nunquam
1652 1564 1728 1612 de-

86 1636 211 1695 siiffe',
234 1634 496 1702 singulorum
514 1633 688 1680 virtutes
702 1670 716 1693 ,
744 1634 873 1681 etiam
891 1633 978 1682 suas
1000 1633 1148 1683 facere.
1193 1636 1287 1682 Nec
1305 1632 1463 1681 diutius
1478 1632 1656 1694 facium,
1680 1635 1729 1693 &

85 1706 191 1758 duas
209 1704 316 1752 filias
335 1703 421 1764 jam
438 1700 625 1761 nubiles,
640 1719 743 1768 quas
763 1698 920 1751 deinde
933 1704 1209 1752 matrimonio
1219 1701 1296 1750 fibi
1313 1701 1479 1763 junxit,
1506 1720 1553 1750 ac
1569 1721 1729 1753 novem

87 1775 201 1824 filios
221 1773 274 1822 ad
290 1782 353 1825 X
353 1792 466 1821 unum
484 1773 528 1820 in
537 1770 629 1833 ejus
646 1771 854 1838 obsequio
866 1775 911 1821 &
931 1772 1138 1838 potestate
1156 1773 1320 1821 futuros
1338 1773 1493 1832 mittit3
1520 1770 1599 1837 ipsi
1619 1775 1722 1820 Pro·

88 1845 234 1893 vinciae
254 1841 545 1909 praefefiuram
560 1843 757 1907 tantisper
766 1842 975 1890 commisit
990 1881 1002 1902 ,
1028 1855 1075 1890 ut
1089 1841 1180 1903 ejus
1199 1842 1243 1888 in
1264 1842 1420 1889 minori
1439 1843 1634 1906 potentia
1643 1843 1728 1889 vir-

87 1926 225 1961 tutem
243 1911 454 1976 exploret.
495 1910 583 1960 Ubi
599 1927 649 1958 ea
671 1913 711 1958 se
739 1912 867 1958 animi
890 1912 1185 1960 moderatione
1203 1909 1385 1975 praebuit
1406 1946 1419 1969 ‚
1452 1924 1499 1957 ut
1527 1911 1728 1959 omnibus

86 1981 355 2030 admirationi
372 1980 710 2046 esset,praecipue
731 1984 813 2030 Ya0.
851 1984 941 2038 Qui
958 1994 1042 2028 tam
1051 1979 1175 2028 bono
1195 1978 1423 2027 successore
1433 1978 1550 2026 laetus
1561 1978 1728 2045 ,elapso

87 2052 272 2099 triennio
296 2066 394 2096 eum
422 2050 594 2115 Imperii
611 2049 851 2097 consortem
874 2049 976 2097 fecit
999 2086 1011 2108 ,
1043 2047 1120 2114 ipsi
1136 2050 1256 2095 omni
1275 2047 1585 2113 gubernatione
1607 2065 1727 2097 com-

86 2120 213 2168 miffa.
254 2121 548 2175 Qiomunere
566 2117 637 2166 ille
650 2120 818 2166 vivente
841 2123 874 2167 Y
871 2138 914 2166 ao
931 2119 1042 2184 ipsos
1067 2118 1218 2183 viginti
1236 2119 1281 2166 8<
1293 2116 1397 2164 οξῒο
1418 2135 1550 2165 annos
1567 2134 1727 2183 magno

86 2186 354 2254 Reipublicae
363 2188 487 2234 bono
501 2186 746 2252 perfunfius
764 2186 836 2234 est.
873 2193 1017 2253 Atque
1028 2189 1083 2233 ita
1096 2223 1108 2246 ‚
1125 2188 1252 2234 etiam
1264 2203 1441 2252 regnum
1456 2186 1564 2232 dnos
1572 2202 1726 2251 capere

85 2256 250 2324 potest,
264 2254 294 2302 si
313 2257 441 2302 virtus
453 2257 623 2320 utrique.
643 2256 691 2303 sit
705 2273 858 2303 comes.

153 2328 252 2373 Hoc
265 2340 380 2371 anno
397 2341 496 2371 cum
504 2322 590 2384 jam
600 2324 651 2371 ad
668 2325 744 2371 ulti
752 2342 862 2371 mam
882 2322 1137 2371 sene&ute1n
1147 2326 1253 2372 Yaus
1263 2322 1527 2389 pervenisset,
1540 2322 1725 2371 moriens

86 2398 143 2443 ita
159 2397 319 2442 Xunum
335 2391 388 2439 ad
403 2394 632 2458 Imperium
651 2393 838 2459 legitime
854 2391 1086 2439 tenendum
1097 2392 1302 2439 hortatur.
1338 2392 1613 2449 Ades‚Xune,·
1623 2389 1724 2455 satis

76 2467 266 2532 superque
277 2463 507 2527 tuamfidem
517 2476 696 2526 expertus
712 2464 806 2521 sum.
845 2464 968 2509 Dii-725
979 2464 1050 2509 tuis
1060 2480 1114 2507 ex
1126 2481 1225 2526 aequo
1233 2462 1348 2528 fafla
1365 2462 1596 2526 respondent.
1630 2465 1721 2526 ,κζζε

83 2539 197 2602 {gitur
208 2573 220 2593 ‚
249 2538 276 2595 s
275 2545 441 2595 ceptrum
461 2531 608 2601 capeſj}
619 2570 632 2591 ,
656 2536 791 2579 virtuti
809 2551 851 2578 ac
862 2534 1000 2578 meritis
1011 2533 1085 2579 tuis
1100 2532 1280 2578 debitum.
1319 2532 1436 2589 Cura,
1451 2542 1492 2577 ut
1502 2529 1646 2576 civibus
1656 2528 1722 2575 aba·

78 2604 255 2669 subjeHis
261 2615 409 2666 patrem
422 2615 458 2648 te
469 2601 648 2649 exhibeas
662 2623 674 2659 3
713 2605 755 2649 {5²
768 2605 970 2647 memineris
979 2619 1049 2647 non
1061 2600 1127 2646 tibi
1137 2601 1159 2648 a*
1165 2601 1294 2664 populo
1303 2634 1315 2656 ‚
1327 2600 1406 2662 sed
1413 2600 1436 2645 ci
1447 2613 1484 2644 te
1490 2599 1620 2661 populo
1633 2597 1719 2660 ser-

90 2674 281 2721 viendum.
334 2672 432 2736 ‘Rex
450 2675 544 2719 enim
564 2671 695 2717 idcirco
699 2671 818 2734 super
841 2689 962 2717 omnes
980 2672 1137 2727 eminet,
1164 2682 1205 2717 at
1223 2687 1315 2716 unus
1329 2668 1520 2732 prospiciat
1543 2665 1720 2716 omnihus.

89 2742 169 2788 His
193 2740 310 2788 diffis
327 2741 507 2788 moritur
521 2743 553 2787 Y
550 2760 616 2787 aus
628 2765 640 2796 ς
661 2756 790 2803 quem
800 2741 939 2786 Xunus
957 2737 1071 2786 haud
1082 2737 1201 2786 aliter
1211 2773 1224 2795 ,
1249 2751 1379 2801 atque
1388 2735 1499 2783 filius
1508 2737 1729 2801 optimum

146 2825 334 2866 rentem,
356 2808 480 2858 luxit.
514 2811 571 2856 Et
590 2822 637 2856 ut
656 2808 796 2854 dolori
815 2806 890 2855 suo
905 2809 1023 2856 litare
1039 2806 1175 2871 poffet
1192 2806 1385 2864 liberius,
1415 2805 1538 2853 rebus
1557 2807 1730 2871 Imperii

88 2878 267 2926 subinde
283 2875 578 2925 Praefeetorum
596 2895 706 2925 curae
728 2875 1009 2935 demandatis,
1032 2874 1120 2940 ipse
1138 2889 1235 2923 toto
1255 2875 1438 2923 triennio
1447 2876 1502 2924 ab
1514 2877 1580 2923 1215
1591 2874 1730 2940 sepul·

88 2947 198 2996 chro
215 2962 523 3010 nonnunquam
533 2946 722 2996 disccffit.

160 3016 260 3064 Fuit
275 3022 431 3065 Xunus
445 3016 601 3063 eximie
619 3015 817 3082 prudens,
827 3012 1017 3069 moribus
1032 3029 1239 3078 perquam
1253 3010 1498 3078 compositis
1510 3047 1523 3071 ,
1536 3010 1582 3059 &
1592 3013 1734 3060 omni-

96 3087 176 3136 bus
193 3085 358 3142 charus5
372 3084 493 3148 quod
507 3083 575 3132 sua
585 3084 772 3143 viciffim,
782 3100 915 3147 eaque
926 3083 1087 3130 summa
1096 3083 1140 3128 in
1150 3084 1262 3129 cives
1276 3082 1475 3130 charitate
1485 3080 1734 3147 prome-“nit-

1052 3168 1072 3197 r
1111 3167 1136 3197 2
1635 3148 1738 3195 Em„
