2114 3412
333 141 401 190 86
682 116 823 182 ‘Pars
842 117 1009 195 ultima
1030 117 1314 202 Legationes
1335 118 1597 177 Batavicae

337 230 402 276 Cia
426 223 556 290 plena
583 222 830 288 porrigitur.
869 219 1047 268 Calidus
1070 219 1276 269 sorbetur.
1309 220 1482 276 Qubus
1504 232 1648 285 patera
1672 218 1873 279 amarior,
1904 214 1990 267 Γᾶς]

332 298 463 343 charo
478 292 717 340 dulcorant.
752 294 935 338 Somnos
945 289 1292 356 prohibet‚cibos
1307 289 1462 355 digerit
1478 291 1524 336 8(
1540 287 1681 336 fumos
1690 305 1744 337 ex
1754 290 1890 337 nimio
1903 290 1992 338 alio

333 379 446 430 potu
455 363 619 409 cerebri
642 360 840 426 dispellit,
850 361 1102 408 memoriam
1111 359 1289 407 roborat
1299 394 1312 416 ,
1331 356 1400 405 sed
1412 361 1539 406 nimia
1549 359 1675 423 copia
1686 356 1880 406 haustum
1893 395 1907 418 ,
1922 357 1991 406 bi-

336 434 422 482 lem
438 446 578 498 auget.
615 432 723 477 Sinae
734 448 833 478 eum
847 429 899 476 ad
915 422 1315 477 coelum'extollunt
1325 455 1337 487 ‚-
1367 425 1545 493 ejusque
1564 426 1783 475 beneficio
1794 426 1834 474 se
1846 428 1991 493 podo-

336 505 411 570 gra
428 503 473 548 8(
492 500 657 549 calculo
675 502 885 547 immunes
901 497 1055 561 jactant
1071 535 1084 557 ,
1106 516 1250 564 neque
1267 513 1531 563 quemquam
1550 493 1630 542 illis
1651 498 1854 544 vexatum
1872 497 1992 546 malis

337 585 437 621 toto
454 573 605 618 itinere
638 569 1013 635 deprehendimus.
1046 569 1210 633 Magna
1226 568 1337 614 inter
1349 568 1462 615 Simu
1482 569 1527 615 8(
1546 562 1719 630 japonios
1737 569 1781 616 in
1804 565 1895 629 ejus
1915 566 1995 615 usu

339 641 630 706 discrepantia.
665 640 811 706 Japonii
826 636 1078 703 pulverisata
1093 637 1198 684 folia
1207 635 1353 685 calidae
1370 635 1543 683 miscent
1554 636 1599 682 8(
1616 633 1739 683 simul
1749 633 1994 686 absorbent.

342 715 446 761 Sinae
465 709 568 758 folia
587 711 748 774 integra
769 707 903 755 calida
928 721 1139 755 macerant
1163 707 1211 754 8(
1233 723 1389 771 aquam
1410 703 1629 753 sorbillant
1643 742 1655 765 ‚
1686 704 1801 753 foliis
1815 704 1993 768 rejeffiS.

340 779 535 839 Qiidam
548 779 709 826 Tartari
728 779 773 824 8(
787 778 962 840 Sinenses
983 777 1187 841 imprimis
1205 779 1429 841 Magnates
1447 774 1609 822 addunt
1618 773 1733 823 laffis
1743 774 1878 822 dulcis
1888 792 1995 840 qua-

338 865 440 898 tuor
460 861 598 914 partes
614 865 712 896 cum
720 864 862 913 pauco
883 845 986 905 sale,
1004 863 1052 892 ac
1062 864 1119 893 ex
1139 846 1289 912 ligneis
1307 847 1460 911 pateris
1480 848 1591 893 intus
1606 857 1785 911 argento
1795 843 1996 895 obduffis

340 918 525 968 sorbent.

409 990 478 1034 Ex
495 988 592 1034 Sina
605 987 649 1032 in
660 987 880 1050 Europam
899 997 1029 1050 potus
1047 984 1116 1031 hic
1132 994 1663 1050 propagatus,quanquam
1677 985 1834 1047 minori
1845 998 1998 1034 contra

340 1056 524 1105 calculos
554 1058 598 1103 8(
634 1055 871 1120 podagram
889 1054 1086 1104 efficacia.
1125 1055 1259 1119 Sapor
1282 1052 1488 1101 foliorum
1507 1052 1747 1101 subamarus
1763 1053 1926 1101 calidus
1947 1057 1996 1104 8(

340 1128 619 1184 aromaticus,
650 1123 869 1172 subtilium
893 1124 1081 1188 partium
1099 1124 1143 1169 8(
1163 1139 1313 1187 parum
1336 1120 1577 1188 astringens.
1617 1126 1764 1173 Serum
1783 1123 1996 1189 sanguinis

340 1213 418 1263 per
438 1195 634 1242 sudorem
655 1196 701 1242 8(
719 1194 886 1242 urinam
904 1192 1108 1258 expellit,
1125 1192 1371 1258 phlegmata
1390 1192 1513 1239 crassa
1530 1205 1730 1243 attenuat.
1777 1191 1885 1241 Usus
1903 1191 1998 1256 ejus

341 1264 458 1331 apud
481 1265 599 1311 Sinas
610 1281 699 1309 non
709 1262 820 1311 adeo
837 1264 1035 1326 antiquus
1045 1261 1132 1321 est3
1167 1262 1283 1309 unde
1302 1263 1345 1307 in
1366 1259 1534 1309 vetustis
1554 1263 1840 1309 monumentis
1849 1262 1994 1312 chara-

342 1335 454 1383 &ere
472 1348 601 1380 caret.
1078 1333 1081 1335 ’
1331 1358 1335 1362 ·
1840 1358 1846 1365 .

408 1406 457 1451 In
473 1411 535 1454 X
538 1403 619 1467 enst
633 1401 748 1466 apud
761 1401 953 1459 Hocheu,
967 1397 1164 1446 cannabis
1180 1397 1356 1464 copiose
1376 1397 1543 1459 crescit,
1559 1397 1630 1446 sed
1640 1398 1776 1450 linum
1785 1412 1879 1450 tota
1897 1400 1997 1452 Sina

342 1471 521 1523 nullum.

410 1544 459 1589 In
479 1541 654 1607 Kiangfi
669 1538 787 1604 apud
797 1539 1027 1605 Kienchang
1038 1576 1052 1598 ‚
1066 1553 1196 1603 oryza
1205 1535 1533 1603 praestantiffima
1541 1540 1757 1604 provenit,
1767 1556 1897 1607 quam
1906 1539 1998 1608 ipse

341 1614 580 1677 Imperator
599 1610 749 1667 utitur,
763 1608 879 1658 unde
901 1609 1011 1655 Sinae
1020 1625 1114 1656 eam
1132 1620 1308 1675 argentea
1316 1626 1442 1674 grana
1458 1621 1628 1657 vocant.

408 1683 459 1728 In
479 1688 542 1732 X
543 1680 625 1746 enfi
631 1677 747 1744 apud
759 1678 981 1745 IQngyang‚
990 1695 1120 1744 oryza
1127 1677 1273 1726 crescit
1290 1695 1445 1745 corpus
1453 1693 1694 1746 expurgans
1713 1695 1791 1746 per
1798 1677 1999 1728 secessum

341 1751 390 1798 8(
408 1750 586 1799 urinam.

411 1822 458 1866 In
480 1820 664 1885 Chekiang
685 1832 835 1867 monte
857 1820 1006 1868 Tienno
1021 1859 1035 1880 ,
1069 1819 1185 1884 apud
1205 1825 1268 1870 H
1267 1820 1428 1886 ang-cheu
1444 1855 1457 1878 ,
1488 1835 1643 1884 magna
1661 1822 1788 1886 copia
1806 1817 1998 1866 crescunt

345 1890 492 1955 fungi,
509 1891 584 1953 qui
596 1906 671 1953 per
691 1889 926 1936 universam
945 1890 1085 1936 Sinam
1095 1887 1233 1936 siccati
1257 1891 1302 1936 8(
1322 1887 1427 1935 saliti
1444 1888 1741 1938 distrahuntur.
1781 1889 1905 1936 Dum
1922 1904 1999 1934 co-

346 1972 539 2023 quuntur
551 1995 561 2015 ,
572 1974 692 2021 aquae
713 1974 863 2020 parum
875 1958 1082 2016 immersa,
1098 1959 1252 2006 iterum
1269 1956 1385 2023 quasi
1402 1974 1545 2003 recens
1555 1957 1693 2004 avulsa
1704 1955 1924 2005 virescunt.

415 2025 674 2090 Goffypium
692 2025 866 2089 copiose
886 2028 927 2072 in
957 2028 1054 2074 Sina
1071 2028 1294 2090 provenit,
1326 2024 1447 2086 cujus
1467 2024 1607 2072 semen
1627 2039 1723 2073 ante
1736 2027 1998 2092 quingentos

346 2112 479 2144 annos
503 2093 675 2141 aliunde
704 2092 867 2141 illatum
898 2095 993 2145 fuit.
1046 2094 1208 2142 Crescit
1227 2095 1294 2142 vel
1318 2096 1361 2141 in
1382 2093 1545 2154 herbis,
1580 2112 1676 2159 quae
1695 2094 1886 2142 nostrum
1910 2093 1998 2142 fru-

346 2178 544 2215 mentum
564 2162 865 2210 sarracenicum
883 2163 1163 2223 referunt‚vel
1175 2166 1217 2211 in
1229 2162 1403 2211 arbustis
1421 2163 1633 2229 pedesatis
1643 2163 1787 2212 craffo.

417 2231 561 2281 Herba
580 2231 835 2299 goffi'pifera
853 2233 972 2282 caule
995 2233 1142 2298 ligneo
1158 2233 1345 2281 duorum
1360 2232 1522 2299 pedum
1539 2232 1786 2293 altitudine,
1804 2231 1936 2280 rubro
1950 2231 1999 2279 8(

347 2302 458 2351 duro
473 2303 645 2360 cortice,
660 2303 703 2348 in
719 2301 877 2349 multos
892 2302 1072 2368 dispersa
1086 2320 1223 2349 ramos
1234 2343 1248 2364 ,
1274 2303 1455 2368 assurgit.
1492 2303 1612 2351 Folia
1630 2302 1770 2368 longis
1786 2304 1832 2350 &
1846 2301 2000 2367 asperis

346 2372 556 2437 pediculis
566 2371 820 2419 adhaerentia
831 2407 843 2429 ,
867 2371 992 2419 instar
1009 2372 1104 2418 vitis
1115 2373 1318 2436 triquetra
1335 2412 1348 2432 ‚
1371 2369 1666 2437 magnitudine
1675 2373 1884 2420 minorem
1899 2389 1999 2418 ace-

347 2459 443 2488 rum
458 2454 636 2505 aequant.
682 2440 779 2488 Flos
796 2441 952 2501 flavus,
984 2442 1027 2488 in
1050 2441 1196 2488 medio
1211 2441 1362 2500 ruber,
1377 2441 1473 2507 post
1493 2458 1622 2504 quem
1643 2439 1816 2488 rotundi
1839 2438 1999 2488 fructus

347 2510 474 2558 instar
490 2511 663 2557 minoris
680 2511 815 2575 pomi,
833 2509 1030 2558 stellatim
1045 2510 1276 2570 hianteS,in
1289 2512 1467 2576 quibus,
1480 2509 1553 2557 ubi
1564 2522 1876 2571 maturuerunt,
1898 2506 2000 2576 gos-f

349 2580 516 2645 sypium
532 2577 645 2628 latet.

416 2650 535 2696 Folia
551 2647 709 2696 arboris
730 2648 1011 2714 Goffypiferae
1027 2649 1175 2697 eadem
1194 2648 1302 2710 fere,
1326 2648 1395 2697 sed
1412 2648 1620 2714 glabriora
1637 2665 1685 2694 ac
1699 2646 1894 2710 laeviora,
1925 2665 1998 2696 ne-

350 2734 436 2783 que
452 2718 694 2784 gossypium
709 2718 792 2764 hoc
811 2719 1006 2766 bonitate
1023 2736 1121 2766 cum
1135 2719 1268 2784 priori
1282 2717 1629 2783 comparandum.

418 2787 553 2852 Apud
572 2784 823 2854 [hangchatg
845 2791 888 2835 in
918 2796 981 2839 X
982 2802 1146 2853 antung,
1178 2789 1304 2835 arbor
1327 2786 1613 2852 potentissime
1641 2787 1810 2835 venenis
1838 2782 2000 2834 resistit.

352 2855 528 2903 Alicubi
548 2856 657 2904 fabae
676 2859 719 2903 in
734 2856 956 2904 arboribus
971 2857 1174 2903 crescunt.

422 2928 499 2971 Per
519 2939 652 2974 totam
664 2925 751 2973 fere
767 2931 971 2993 Qantung
987 2926 1170 2991 virgulta
1187 2926 1349 2971 tenacia
1369 2923 1500 2990 Teng,
1524 2943 1618 2990 quae
1643 2923 1848 2972 Lusitanis
1869 2923 2000 2987 Rota,

353 2989 490 3056 specie
507 2994 706 3042 funium&
727 3010 873 3043 natura
890 2994 1186 3042 contostorum
1205 2995 1487 3058 proveniunt,
1519 2994 1694 3042 crassitie
1709 2995 1834 3043 unius
1851 2991 1999 3057 digiti,

354 3062 482 3109 acutis
504 3061 629 3127 spinis
657 3065 703 3111 8(
725 3063 926 3131 oblongis
955 3062 1068 3112 foliis
1087 3102 1102 3126 ,
1137 3063 1257 3112 humi
1276 3076 1432 3129 repunt
1460 3077 1576 3112 tanta
1598 3063 1746 3130 copia,
1778 3074 1828 3111 ut
1843 3056 1998 3127 integri

1832 3142 2003 3179 montes
