<?xml version="1.0" encoding="UTF-8"?>
<!DOCTYPE html PUBLIC "-//W3C//DTD XHTML 1.0 Transitional//EN"
    "http://www.w3.org/TR/xhtml1/DTD/xhtml1-transitional.dtd">
<html xmlns="http://www.w3.org/1999/xhtml" xml:lang="en" lang="en">
 <head>
  <title>
</title>
<meta http-equiv="Content-Type" content="text/html;charset=utf-8" />
  <meta name='ocr-system' content='tesseract 3.04.00' />
  <meta name='ocr-capabilities' content='ocr_page ocr_carea ocr_par ocr_line ocrx_word'/>
</head>
<body>
  <div class='ocr_page' id='page_1' title='image "./legatiobatavicaa00nieu_0273.png"; bbox 0 0 2114 3412; ppageno 0'>
   <div class='ocr_carea' id='block_1_1' title="bbox 0 2446 14 3311">
    <p class='ocr_par' dir='ltr' id='par_1_1' title="bbox 0 2446 14 3311">
     <span class='ocr_line' id='line_1_1' title="bbox 0 2446 14 3311; baseline 0 0"><span class='ocrx_word' id='word_1_1' title='bbox 0 2446 14 3311; x_wconf 95' lang='lat' dir='ltr'> </span> 
     </span>
    </p>
   </div>
   <div class='ocr_carea' id='block_1_2' title="bbox 332 121 1754 211">
    <p class='ocr_par' dir='ltr' id='par_1_2' title="bbox 332 121 1754 211">
     <span class='ocr_line' id='line_1_2' title="bbox 332 121 1754 211; baseline 0.002 -25"><span class='ocrx_word' id='word_1_2' title='bbox 332 124 723 211; x_wconf 60' lang='lat' dir='ltr'>adfflagnum</span> <span class='ocrx_word' id='word_1_3' title='bbox 737 121 995 186; x_wconf 72' lang='lat' dir='ltr'>Tartariae</span> <span class='ocrx_word' id='word_1_4' title='bbox 1010 128 1235 211; x_wconf 74' lang='lat' dir='ltr'>Sinaeque</span> <span class='ocrx_word' id='word_1_5' title='bbox 1255 128 1298 187; x_wconf 84' lang='lat' dir='ltr'><em>C</em></span> <span class='ocrx_word' id='word_1_6' title='bbox 1294 123 1503 188; x_wconf 71' lang='lat' dir='ltr'>hamum.</span> <span class='ocrx_word' id='word_1_7' title='bbox 1717 153 1754 200; x_wconf 88' lang='lat'><strong><em>7</em></strong></span> 
     </span>
    </p>
   </div>
   <div class='ocr_carea' id='block_1_3' title="bbox 89 228 1918 3152">
    <p class='ocr_par' dir='ltr' id='par_1_3' title="bbox 89 228 1918 2646">
     <span class='ocr_line' id='line_1_3' title="bbox 164 228 1906 303; baseline 0.001 -22"><span class='ocrx_word' id='word_1_8' title='bbox 164 234 386 298; x_wconf 83' lang='lat' dir='ltr'>Praecipue</span> <span class='ocrx_word' id='word_1_9' title='bbox 401 233 628 298; x_wconf 82' lang='lat' dir='ltr'>regionum</span> <span class='ocrx_word' id='word_1_10' title='bbox 641 228 916 296; x_wconf 84' lang='lat' dir='ltr'>Magistratus</span> <span class='ocrx_word' id='word_1_11' title='bbox 934 233 1100 294; x_wconf 70' lang='lat' dir='ltr'>Pucinfu</span> <span class='ocrx_word' id='word_1_12' title='bbox 1116 267 1129 290; x_wconf 83' lang='lat'>,</span> <span class='ocrx_word' id='word_1_13' title='bbox 1165 231 1418 299; x_wconf 52' lang='lat' dir='ltr'>Naganzasu</span> <span class='ocrx_word' id='word_1_14' title='bbox 1430 269 1442 293; x_wconf 72' lang='lat'>‚</span> <span class='ocrx_word' id='word_1_15' title='bbox 1476 230 1585 300; x_wconf 68' lang='lat' dir='ltr'>sisu,</span> <span class='ocrx_word' id='word_1_16' title='bbox 1603 230 1721 297; x_wconf 59' lang='grc' dir='ltr'>[ἐσέτι</span> <span class='ocrx_word' id='word_1_17' title='bbox 1737 273 1750 297; x_wconf 83' lang='lat'>‚</span> <span class='ocrx_word' id='word_1_18' title='bbox 1768 270 1906 303; x_wconf 53' lang='lat' dir='ltr'>Andron«</span> 
     </span>
     <span class='ocr_line' id='line_1_4' title="bbox 95 299 1909 373; baseline -0.001 -19"><span class='ocrx_word' id='word_1_19' title='bbox 95 302 244 373; x_wconf 64' lang='lat' dir='ltr'>(ihicn,</span> <span class='ocrx_word' id='word_1_20' title='bbox 256 303 442 351; x_wconf 81' lang='lat' dir='ltr'>triennio</span> <span class='ocrx_word' id='word_1_21' title='bbox 458 301 624 365; x_wconf 77' lang='lat' dir='ltr'>singulo</span> <span class='ocrx_word' id='word_1_22' title='bbox 641 299 882 366; x_wconf 65' lang='lat' dir='ltr'>Pelzingum</span> <span class='ocrx_word' id='word_1_23' title='bbox 897 301 951 348; x_wconf 90' lang='lat' dir='ltr'>ad</span> <span class='ocrx_word' id='word_1_24' title='bbox 969 305 1279 366; x_wconf 81' lang='lat' dir='ltr'>Imperatorem</span> <span class='ocrx_word' id='word_1_25' title='bbox 1291 304 1452 350; x_wconf 88' lang='lat' dir='ltr'>adeunt</span> <span class='ocrx_word' id='word_1_26' title='bbox 1469 341 1481 363; x_wconf 82' lang='lat'>,</span> <span class='ocrx_word' id='word_1_27' title='bbox 1497 306 1660 352; x_wconf 91' lang='lat' dir='ltr'>ratione</span> <span class='ocrx_word' id='word_1_28' title='bbox 1675 305 1749 353; x_wconf 85' lang='lat' dir='ltr'>ad·</span> <span class='ocrx_word' id='word_1_29' title='bbox 1767 314 1909 344; x_wconf 39' lang='lat' dir='ltr'>misma*</span> 
     </span>
     <span class='ocr_line' id='line_1_5' title="bbox 93 364 1894 439; baseline 0.001 -16"><span class='ocrx_word' id='word_1_30' title='bbox 93 373 411 423; x_wconf 78' lang='lat' dir='ltr'>ministrationis</span> <span class='ocrx_word' id='word_1_31' title='bbox 424 370 653 417; x_wconf 87' lang='lat' dir='ltr'>reddendae</span> <span class='ocrx_word' id='word_1_32' title='bbox 670 407 682 430; x_wconf 73' lang='lat'>‚</span> <span class='ocrx_word' id='word_1_33' title='bbox 712 371 758 416; x_wconf 76' lang='lat'>8&lt;</span> <span class='ocrx_word' id='word_1_34' title='bbox 775 373 1050 418; x_wconf 83' lang='lat' dir='ltr'>Sacramento</span> <span class='ocrx_word' id='word_1_35' title='bbox 1067 372 1330 419; x_wconf 85' lang='lat' dir='ltr'>renovando.</span> <span class='ocrx_word' id='word_1_36' title='bbox 1367 374 1536 420; x_wconf 89' lang='lat' dir='ltr'>Eodem</span> <span class='ocrx_word' id='word_1_37' title='bbox 1552 388 1749 439; x_wconf 91' lang='lat' dir='ltr'>tempore</span> <span class='ocrx_word' id='word_1_38' title='bbox 1766 364 1894 425; x_wconf 54' lang='lat' dir='ltr'>{lissssnffo</span> 
     </span>
     <span class='ocr_line' id='line_1_6' title="bbox 93 437 1918 521; baseline 0 -28"><span class='ocrx_word' id='word_1_39' title='bbox 93 448 139 492; x_wconf 85' lang='lat' dir='ltr'>in</span> <span class='ocrx_word' id='word_1_40' title='bbox 155 461 301 493; x_wconf 85' lang='lat' dir='ltr'>omnes</span> <span class='ocrx_word' id='word_1_41' title='bbox 317 454 414 488; x_wconf 87' lang='lat' dir='ltr'>toto</span> <span class='ocrx_word' id='word_1_42' title='bbox 427 457 563 506; x_wconf 79' lang='lat' dir='ltr'>regno</span> <span class='ocrx_word' id='word_1_43' title='bbox 579 439 854 506; x_wconf 79' lang='lat' dir='ltr'>Magistratus</span> <span class='ocrx_word' id='word_1_44' title='bbox 870 440 1008 488; x_wconf 83' lang='lat' dir='ltr'>severe</span> <span class='ocrx_word' id='word_1_45' title='bbox 1025 440 1256 506; x_wconf 87' lang='lat' dir='ltr'>inquiritur</span> <span class='ocrx_word' id='word_1_46' title='bbox 1271 478 1284 500; x_wconf 72' lang='lat'>,</span> <span class='ocrx_word' id='word_1_47' title='bbox 1309 441 1424 489; x_wconf 91' lang='lat' dir='ltr'>unde</span> <span class='ocrx_word' id='word_1_48' title='bbox 1439 444 1668 504; x_wconf 81' lang='lat' dir='ltr'>retinendi,</span> <span class='ocrx_word' id='word_1_49' title='bbox 1681 446 1747 493; x_wconf 86' lang='lat' dir='ltr'>di·</span> <span class='ocrx_word' id='word_1_50' title='bbox 1762 437 1918 521; x_wconf 50' lang='lat' dir='ltr'>{³¹³²E‘U&#39;·</span> 
     </span>
     <span class='ocr_line' id='line_1_7' title="bbox 94 499 1882 577; baseline -0.001 -14"><span class='ocrx_word' id='word_1_51' title='bbox 94 512 307 571; x_wconf 76' lang='lat' dir='ltr'>mittendi,</span> <span class='ocrx_word' id='word_1_52' title='bbox 322 509 530 576; x_wconf 82' lang='lat' dir='ltr'>puniendi</span> <span class='ocrx_word' id='word_1_53' title='bbox 547 512 830 575; x_wconf 77' lang='lat' dir='ltr'>reperiuntur,</span> <span class='ocrx_word' id='word_1_54' title='bbox 847 509 1006 577; x_wconf 81' lang='lat' dir='ltr'>absque</span> <span class='ocrx_word' id='word_1_55' title='bbox 1016 512 1286 576; x_wconf 86' lang='lat' dir='ltr'>Imperatoris</span> <span class='ocrx_word' id='word_1_56' title='bbox 1304 512 1425 558; x_wconf 89' lang='lat' dir='ltr'>venia</span> <span class='ocrx_word' id='word_1_57' title='bbox 1439 548 1451 570; x_wconf 80' lang='lat'>,</span> <span class='ocrx_word' id='word_1_58' title='bbox 1466 514 1587 577; x_wconf 88' lang='lat' dir='ltr'>quod</span> <span class='ocrx_word' id='word_1_59' title='bbox 1603 512 1668 575; x_wconf 78' lang='lat' dir='ltr'>jus</span> <span class='ocrx_word' id='word_1_60' title='bbox 1686 516 1747 563; x_wconf 91' lang='lat' dir='ltr'>illi</span> <span class='ocrx_word' id='word_1_61' title='bbox 1765 499 1882 572; x_wconf 40' lang='lat' dir='ltr'>&amp;sgr-a</span> 
     </span>
     <span class='ocr_line' id='line_1_8' title="bbox 93 571 1895 647; baseline -0.001 -15"><span class='ocrx_word' id='word_1_62' title='bbox 93 585 150 631; x_wconf 88' lang='lat' dir='ltr'>ab</span> <span class='ocrx_word' id='word_1_63' title='bbox 159 581 483 646; x_wconf 83' lang='lat' dir='ltr'>Inquifitoribus</span> <span class='ocrx_word' id='word_1_64' title='bbox 499 579 764 645; x_wconf 75' lang='lat' dir='ltr'>ademptum,</span> <span class='ocrx_word' id='word_1_65' title='bbox 782 580 846 629; x_wconf 85' lang='lat' dir='ltr'>vel</span> <span class='ocrx_word' id='word_1_66' title='bbox 868 580 1020 647; x_wconf 81' lang='lat' dir='ltr'>sponte</span> <span class='ocrx_word' id='word_1_67' title='bbox 1037 583 1081 628; x_wconf 92' lang='lat' dir='ltr'>in</span> <span class='ocrx_word' id='word_1_68' title='bbox 1097 598 1170 628; x_wconf 87' lang='lat' dir='ltr'>eos</span> <span class='ocrx_word' id='word_1_69' title='bbox 1181 580 1425 627; x_wconf 88' lang='lat' dir='ltr'>transsatum</span> <span class='ocrx_word' id='word_1_70' title='bbox 1441 618 1453 641; x_wconf 81' lang='lat'>‚</span> <span class='ocrx_word' id='word_1_71' title='bbox 1482 599 1597 630; x_wconf 91' lang='lat' dir='ltr'>anno</span> <span class='ocrx_word' id='word_1_72' title='bbox 1611 584 1749 631; x_wconf 79' lang='lat' dir='ltr'>mille-</span> <span class='ocrx_word' id='word_1_73' title='bbox 1762 571 1895 643; x_wconf 50' lang='grc' dir='ltr'>ᾖξζξῇᾗο</span> 
     </span>
     <span class='ocr_line' id='line_1_9' title="bbox 92 648 1889 724; baseline -0.004 -21"><span class='ocrx_word' id='word_1_74' title='bbox 92 653 199 702; x_wconf 80' lang='lat' dir='ltr'>simo</span> <span class='ocrx_word' id='word_1_75' title='bbox 215 648 522 698; x_wconf 80' lang='lat' dir='ltr'>sexcentesimo</span> <span class='ocrx_word' id='word_1_76' title='bbox 537 648 731 715; x_wconf 86' lang='lat' dir='ltr'>septimo.</span> <span class='ocrx_word' id='word_1_77' title='bbox 770 655 935 708; x_wconf 86' lang='lat' dir='ltr'>Qater</span> <span class='ocrx_word' id='word_1_78' title='bbox 949 651 1066 698; x_wconf 90' lang='lat' dir='ltr'>mille</span> <span class='ocrx_word' id='word_1_79' title='bbox 1082 649 1353 717; x_wconf 82' lang='lat' dir='ltr'>Magistratus</span> <span class='ocrx_word' id='word_1_80' title='bbox 1378 668 1461 698; x_wconf 88' lang='lat' dir='ltr'>una</span> <span class='ocrx_word' id='word_1_81' title='bbox 1474 652 1549 698; x_wconf 88' lang='lat' dir='ltr'>tali</span> <span class='ocrx_word' id='word_1_82' title='bbox 1574 652 1749 718; x_wconf 87' lang='lat' dir='ltr'>inquisi-</span> <span class='ocrx_word' id='word_1_83' title='bbox 1764 654 1889 724; x_wconf 54' lang='lat' dir='ltr'>itgquiri-</span> 
     </span>
     <span class='ocr_line' id='line_1_10' title="bbox 93 706 1818 787; baseline 0.001 -17"><span class='ocrx_word' id='word_1_84' title='bbox 93 725 215 771; x_wconf 79' lang='lat' dir='ltr'>tione</span> <span class='ocrx_word' id='word_1_85' title='bbox 236 722 390 786; x_wconf 90' lang='lat' dir='ltr'>puniti.</span> <span class='ocrx_word' id='word_1_86' title='bbox 434 720 710 785; x_wconf 80' lang='lat' dir='ltr'>Singulorum</span> <span class='ocrx_word' id='word_1_87' title='bbox 727 758 740 779; x_wconf 75' lang='lat'>,</span> <span class='ocrx_word' id='word_1_88' title='bbox 772 722 848 785; x_wconf 92' lang='lat' dir='ltr'>qui</span> <span class='ocrx_word' id='word_1_89' title='bbox 872 737 1048 787; x_wconf 86' lang='lat' dir='ltr'>poenam</span> <span class='ocrx_word' id='word_1_90' title='bbox 1061 721 1302 767; x_wconf 89' lang='lat' dir='ltr'>commeriti</span> <span class='ocrx_word' id='word_1_91' title='bbox 1317 722 1493 768; x_wconf 86' lang='lat' dir='ltr'>nomina</span> <span class='ocrx_word' id='word_1_92' title='bbox 1516 721 1629 769; x_wconf 90' lang='lat' dir='ltr'>libro</span> <span class='ocrx_word' id='word_1_93' title='bbox 1644 740 1750 771; x_wconf 88' lang='lat' dir='ltr'>con-</span> <span class='ocrx_word' id='word_1_94' title='bbox 1799 706 1818 725; x_wconf 43' lang='grc' dir='ltr'>τ’</span> 
     </span>
     <span class='ocr_line' id='line_1_11' title="bbox 92 790 1915 875; baseline -0.001 -35"><span class='ocrx_word' id='word_1_95' title='bbox 92 792 252 859; x_wconf 76' lang='lat' dir='ltr'>figmata</span> <span class='ocrx_word' id='word_1_96' title='bbox 269 804 366 838; x_wconf 91' lang='lat' dir='ltr'>toto</span> <span class='ocrx_word' id='word_1_97' title='bbox 382 793 541 855; x_wconf 82' lang='lat' dir='ltr'>Regno</span> <span class='ocrx_word' id='word_1_98' title='bbox 557 790 849 855; x_wconf 75' lang='lat' dir='ltr'>propalantur.</span> <span class='ocrx_word' id='word_1_99' title='bbox 882 793 1092 855; x_wconf 79' lang='lat' dir='ltr'>Quinque</span> <span class='ocrx_word' id='word_1_100' title='bbox 1113 807 1284 838; x_wconf 89' lang='lat' dir='ltr'>reorum</span> <span class='ocrx_word' id='word_1_101' title='bbox 1308 791 1640 856; x_wconf 85' lang='lat' dir='ltr'>Magistratuum</span> <span class='ocrx_word' id='word_1_102' title='bbox 1657 810 1749 858; x_wconf 82' lang='lat' dir='ltr'>gra·</span> <span class='ocrx_word' id='word_1_103' title='bbox 1765 832 1850 875; x_wconf 79' lang='lat' dir='ltr'>Qin</span> <span class='ocrx_word' id='word_1_104' title='bbox 1878 843 1915 865; x_wconf 76' lang='lat' dir='ltr'>ue</span> 
     </span>
     <span class='ocr_line' id='line_1_12' title="bbox 93 844 1881 926; baseline -0.001 -16"><span class='ocrx_word' id='word_1_105' title='bbox 93 863 172 910; x_wconf 87' lang='lat' dir='ltr'>dus</span> <span class='ocrx_word' id='word_1_106' title='bbox 189 860 298 921; x_wconf 75' lang='lat' dir='ltr'>sunt,</span> <span class='ocrx_word' id='word_1_107' title='bbox 312 861 438 917; x_wconf 79' lang='lat' dir='ltr'>avari,</span> <span class='ocrx_word' id='word_1_108' title='bbox 454 861 576 907; x_wconf 88' lang='lat' dir='ltr'>nimis</span> <span class='ocrx_word' id='word_1_109' title='bbox 592 857 722 907; x_wconf 83' lang='lat' dir='ltr'>severi</span> <span class='ocrx_word' id='word_1_110' title='bbox 740 898 752 919; x_wconf 76' lang='lat'>,</span> <span class='ocrx_word' id='word_1_111' title='bbox 775 860 995 925; x_wconf 72' lang='lat' dir='ltr'>decrepiti,</span> <span class='ocrx_word' id='word_1_112' title='bbox 1011 861 1056 906; x_wconf 75' lang='lat'>8&lt;</span> <span class='ocrx_word' id='word_1_113' title='bbox 1072 859 1322 924; x_wconf 80' lang='lat' dir='ltr'>depontani,</span> <span class='ocrx_word' id='word_1_114' title='bbox 1337 863 1590 926; x_wconf 80' lang='lat' dir='ltr'>praecipites,</span> <span class='ocrx_word' id='word_1_115' title='bbox 1606 862 1652 909; x_wconf 72' lang='lat'>8&lt;</span> <span class='ocrx_word' id='word_1_116' title='bbox 1670 864 1749 910; x_wconf 90' lang='lat' dir='ltr'>im-</span> <span class='ocrx_word' id='word_1_117' title='bbox 1764 844 1881 920; x_wconf 52' lang='lat' dir='ltr'>mortitii</span> 
     </span>
     <span class='ocr_line' id='line_1_13' title="bbox 94 914 1907 999; baseline 0 -20"><span class='ocrx_word' id='word_1_118' title='bbox 94 931 281 999; x_wconf 77' lang='lat' dir='ltr'>providi,</span> <span class='ocrx_word' id='word_1_119' title='bbox 295 930 465 977; x_wconf 80' lang='lat' dir='ltr'>familiae</span> <span class='ocrx_word' id='word_1_120' title='bbox 480 966 491 988; x_wconf 78' lang='lat'>‚</span> <span class='ocrx_word' id='word_1_121' title='bbox 507 930 553 976; x_wconf 71' lang='lat' dir='ltr'>S&lt;</span> <span class='ocrx_word' id='word_1_122' title='bbox 568 927 786 994; x_wconf 79' lang='lat' dir='ltr'>dignitatis</span> <span class='ocrx_word' id='word_1_123' title='bbox 804 929 884 976; x_wconf 83' lang='lat' dir='ltr'>suae</span> <span class='ocrx_word' id='word_1_124' title='bbox 909 931 1171 996; x_wconf 76' lang='lat' dir='ltr'><strong>negligentes</strong></span> <span class='ocrx_word' id='word_1_125' title='bbox 1187 967 1200 989; x_wconf 82' lang='lat'>,</span> <span class='ocrx_word' id='word_1_126' title='bbox 1233 947 1421 995; x_wconf 89' lang='lat' dir='ltr'>quorum</span> <span class='ocrx_word' id='word_1_127' title='bbox 1438 933 1570 996; x_wconf 84' lang='lat' dir='ltr'>aliqui</span> <span class='ocrx_word' id='word_1_128' title='bbox 1592 931 1750 997; x_wconf 88' lang='lat' dir='ltr'>depor-</span> <span class='ocrx_word' id='word_1_129' title='bbox 1766 914 1907 990; x_wconf 52' lang='lat' dir='ltr'>iiffissssm</span> 
     </span>
     <span class='ocr_line' id='line_1_14' title="bbox 91 996 1885 1067; baseline 0.001 -18"><span class='ocrx_word' id='word_1_130' title='bbox 91 1003 257 1049; x_wconf 83' lang='lat' dir='ltr'>tatione</span> <span class='ocrx_word' id='word_1_131' title='bbox 276 1039 288 1060; x_wconf 59' lang='lat'>7</span> <span class='ocrx_word' id='word_1_132' title='bbox 328 999 399 1045; x_wconf 87' lang='lat' dir='ltr'>alii</span> <span class='ocrx_word' id='word_1_133' title='bbox 429 1000 665 1062; x_wconf 73' lang='lat' dir='ltr'>ignominia</span> <span class='ocrx_word' id='word_1_134' title='bbox 689 1013 894 1047; x_wconf 86' lang='lat' dir='ltr'>notantur</span> <span class='ocrx_word' id='word_1_135' title='bbox 919 1019 928 1045; x_wconf 71' lang='grc' dir='ltr'>ε</span> <span class='ocrx_word' id='word_1_136' title='bbox 966 999 1149 1046; x_wconf 86' lang='lat' dir='ltr'>aliorum</span> <span class='ocrx_word' id='word_1_137' title='bbox 1170 1001 1351 1064; x_wconf 82' lang='lat' dir='ltr'>incapax</span> <span class='ocrx_word' id='word_1_138' title='bbox 1377 1014 1473 1048; x_wconf 80' lang='lat' dir='ltr'>aetas</span> <span class='ocrx_word' id='word_1_139' title='bbox 1498 1001 1752 1067; x_wconf 81' lang='lat' dir='ltr'>dignitatem</span> <span class='ocrx_word' id='word_1_140' title='bbox 1767 996 1885 1040; x_wconf 78' lang='lat' dir='ltr'>gradus.</span> 
     </span>
     <span class='ocr_line' id='line_1_15' title="bbox 92 1067 1752 1136; baseline 0 -17"><span class='ocrx_word' id='word_1_141' title='bbox 92 1072 272 1128; x_wconf 71' lang='lat' dir='ltr'>retinet,</span> <span class='ocrx_word' id='word_1_142' title='bbox 296 1067 365 1114; x_wconf 86' lang='lat' dir='ltr'>sed</span> <span class='ocrx_word' id='word_1_143' title='bbox 386 1067 606 1114; x_wconf 61' lang='lat' dir='ltr'>debilitate</span> <span class='ocrx_word' id='word_1_144' title='bbox 623 1069 779 1115; x_wconf 83' lang='lat' dir='ltr'>virium</span> <span class='ocrx_word' id='word_1_145' title='bbox 795 1068 1060 1118; x_wconf 78' lang='lat' dir='ltr'>excusantur.</span> <span class='ocrx_word' id='word_1_146' title='bbox 1098 1068 1187 1115; x_wconf 83' lang='lat' dir='ltr'>Alii</span> <span class='ocrx_word' id='word_1_147' title='bbox 1204 1068 1257 1114; x_wconf 83' lang='lat' dir='ltr'>ad</span> <span class='ocrx_word' id='word_1_148' title='bbox 1283 1068 1501 1119; x_wconf 87' lang='lat' dir='ltr'>inferiores</span> <span class='ocrx_word' id='word_1_149' title='bbox 1516 1070 1669 1136; x_wconf 81' lang='lat' dir='ltr'>gradus</span> <span class='ocrx_word' id='word_1_150' title='bbox 1685 1089 1752 1119; x_wconf 90' lang='lat' dir='ltr'>re-</span> 
     </span>
     <span class='ocr_line' id='line_1_16' title="bbox 91 1136 1752 1206; baseline 0.001 -18"><span class='ocrx_word' id='word_1_151' title='bbox 91 1141 309 1206; x_wconf 71' lang='lat' dir='ltr'>legantur3</span> <span class='ocrx_word' id='word_1_152' title='bbox 343 1137 493 1183; x_wconf 80' lang='lat' dir='ltr'>cadem</span> <span class='ocrx_word' id='word_1_153' title='bbox 509 1136 728 1200; x_wconf 63' lang='lat' dir='ltr'>inquisitio</span> <span class='ocrx_word' id='word_1_154' title='bbox 746 1138 1178 1203; x_wconf 85' lang='lat' dir='ltr'>omniquinquennio</span> <span class='ocrx_word' id='word_1_155' title='bbox 1199 1138 1752 1204; x_wconf 82' lang='lat' dir='ltr'>interRegniConsiliarios</span> 
     </span>
     <span class='ocr_line' id='line_1_17' title="bbox 92 1204 1752 1276; baseline 0.001 -20"><span class='ocrx_word' id='word_1_156' title='bbox 92 1210 139 1255; x_wconf 71' lang='lat'>8&lt;</span> <span class='ocrx_word' id='word_1_157' title='bbox 158 1207 261 1256; x_wconf 88' lang='lat' dir='ltr'>belli</span> <span class='ocrx_word' id='word_1_158' title='bbox 285 1209 430 1254; x_wconf 80' lang='lat' dir='ltr'>Duces</span> <span class='ocrx_word' id='word_1_159' title='bbox 457 1204 615 1252; x_wconf 80' lang='lat' dir='ltr'>codem</span> <span class='ocrx_word' id='word_1_160' title='bbox 638 1208 779 1274; x_wconf 74' lang='lat' dir='ltr'>rigore</span> <span class='ocrx_word' id='word_1_161' title='bbox 798 1208 981 1257; x_wconf 85' lang='lat' dir='ltr'>obtinet.</span> <span class='ocrx_word' id='word_1_162' title='bbox 1016 1210 1123 1255; x_wconf 88' lang='lat' dir='ltr'>Non</span> <span class='ocrx_word' id='word_1_163' title='bbox 1138 1205 1333 1255; x_wconf 85' lang='lat' dir='ltr'>obstante</span> <span class='ocrx_word' id='word_1_164' title='bbox 1349 1220 1435 1255; x_wconf 86' lang='lat' dir='ltr'>tam</span> <span class='ocrx_word' id='word_1_165' title='bbox 1453 1208 1592 1257; x_wconf 71' lang='lat' dir='ltr'>severa</span> <span class='ocrx_word' id='word_1_166' title='bbox 1608 1212 1752 1276; x_wconf 83' lang='lat' dir='ltr'>Magi-</span> 
     </span>
     <span class='ocr_line' id='line_1_18' title="bbox 89 1275 1750 1343; baseline 0 -17"><span class='ocrx_word' id='word_1_167' title='bbox 89 1275 652 1340; x_wconf 87' lang='lat' dir='ltr'>stratuumdelinquentium</span> <span class='ocrx_word' id='word_1_168' title='bbox 666 1280 812 1342; x_wconf 67' lang='lat' dir='ltr'>poena,</span> <span class='ocrx_word' id='word_1_169' title='bbox 827 1290 975 1326; x_wconf 82' lang='lat' dir='ltr'>caetera</span> <span class='ocrx_word' id='word_1_170' title='bbox 985 1288 1127 1323; x_wconf 89' lang='lat' dir='ltr'>tamen</span> <span class='ocrx_word' id='word_1_171' title='bbox 1137 1275 1290 1324; x_wconf 52' lang='lat' dir='ltr'>defleta</span> <span class='ocrx_word' id='word_1_172' title='bbox 1301 1315 1313 1337; x_wconf 73' lang='lat'>,</span> <span class='ocrx_word' id='word_1_173' title='bbox 1332 1280 1546 1343; x_wconf 81' lang='lat' dir='ltr'>praecipue</span> <span class='ocrx_word' id='word_1_174' title='bbox 1563 1277 1750 1341; x_wconf 79' lang='lat' dir='ltr'>furtum,</span> 
     </span>
     <span class='ocr_line' id='line_1_19' title="bbox 91 1344 1751 1412; baseline 0.002 -18"><span class='ocrx_word' id='word_1_175' title='bbox 91 1346 330 1396; x_wconf 85' lang='lat' dir='ltr'>admodum</span> <span class='ocrx_word' id='word_1_176' title='bbox 344 1344 506 1392; x_wconf 84' lang='lat' dir='ltr'>remisse</span> <span class='ocrx_word' id='word_1_177' title='bbox 517 1347 583 1404; x_wconf 71' lang='grc' dir='ltr'>,8ζ</span> <span class='ocrx_word' id='word_1_178' title='bbox 600 1346 868 1412; x_wconf 78' lang='lat' dir='ltr'>negligenter</span> <span class='ocrx_word' id='word_1_179' title='bbox 876 1348 1076 1411; x_wconf 89' lang='lat' dir='ltr'>puniunt.</span> <span class='ocrx_word' id='word_1_180' title='bbox 1110 1346 1289 1393; x_wconf 88' lang='lat' dir='ltr'>Furtum</span> <span class='ocrx_word' id='word_1_181' title='bbox 1300 1346 1466 1395; x_wconf 91' lang='lat' dir='ltr'>nullum</span> <span class='ocrx_word' id='word_1_182' title='bbox 1477 1386 1490 1408; x_wconf 81' lang='lat'>,</span> <span class='ocrx_word' id='word_1_183' title='bbox 1508 1347 1586 1395; x_wconf 84' lang='lat' dir='ltr'>nisi</span> <span class='ocrx_word' id='word_1_184' title='bbox 1595 1366 1696 1397; x_wconf 88' lang='lat' dir='ltr'>cum</span> <span class='ocrx_word' id='word_1_185' title='bbox 1707 1353 1751 1398; x_wconf 77' lang='lat' dir='ltr'>vi</span> 
     </span>
     <span class='ocr_line' id='line_1_20' title="bbox 92 1414 1748 1483; baseline 0.002 -20"><span class='ocrx_word' id='word_1_186' title='bbox 92 1414 552 1483; x_wconf 61' lang='lat' dir='ltr'>apertaconjunctum²</span> <span class='ocrx_word' id='word_1_187' title='bbox 570 1431 732 1475; x_wconf 73' lang='lat' dir='ltr'>morte,</span> <span class='ocrx_word' id='word_1_188' title='bbox 752 1416 986 1463; x_wconf 89' lang='lat' dir='ltr'>secundum</span> <span class='ocrx_word' id='word_1_189' title='bbox 1004 1414 1198 1481; x_wconf 80' lang='lat' dir='ltr'>stigmate</span> <span class='ocrx_word' id='word_1_190' title='bbox 1217 1415 1380 1482; x_wconf 86' lang='lat' dir='ltr'>duplici</span> <span class='ocrx_word' id='word_1_191' title='bbox 1393 1418 1434 1463; x_wconf 94' lang='lat' dir='ltr'>in</span> <span class='ocrx_word' id='word_1_192' title='bbox 1445 1417 1647 1478; x_wconf 78' lang='lat' dir='ltr'>brachio,</span> <span class='ocrx_word' id='word_1_193' title='bbox 1665 1432 1748 1467; x_wconf 90' lang='lat' dir='ltr'>ter-</span> 
     </span>
     <span class='ocr_line' id='line_1_21' title="bbox 92 1483 1749 1554; baseline 0.002 -22"><span class='ocrx_word' id='word_1_194' title='bbox 92 1488 203 1534; x_wconf 90' lang='lat' dir='ltr'>tium</span> <span class='ocrx_word' id='word_1_195' title='bbox 215 1488 257 1533; x_wconf 93' lang='lat' dir='ltr'>in</span> <span class='ocrx_word' id='word_1_196' title='bbox 269 1485 411 1533; x_wconf 84' lang='lat' dir='ltr'>fronte</span> <span class='ocrx_word' id='word_1_197' title='bbox 421 1522 433 1543; x_wconf 76' lang='lat'>,</span> <span class='ocrx_word' id='word_1_198' title='bbox 450 1499 648 1548; x_wconf 87' lang='lat' dir='ltr'>quartum</span> <span class='ocrx_word' id='word_1_199' title='bbox 663 1483 938 1552; x_wconf 80' lang='lat' dir='ltr'>fustigatione</span> <span class='ocrx_word' id='word_1_200' title='bbox 948 1521 960 1544; x_wconf 82' lang='grc'>,</span> <span class='ocrx_word' id='word_1_201' title='bbox 975 1497 1048 1534; x_wconf 83' lang='lat' dir='ltr'>aut</span> <span class='ocrx_word' id='word_1_202' title='bbox 1061 1484 1321 1550; x_wconf 84' lang='lat' dir='ltr'>relegatione</span> <span class='ocrx_word' id='word_1_203' title='bbox 1333 1485 1386 1532; x_wconf 89' lang='lat' dir='ltr'>ad</span> <span class='ocrx_word' id='word_1_204' title='bbox 1397 1488 1586 1536; x_wconf 87' lang='lat' dir='ltr'>triremes</span> <span class='ocrx_word' id='word_1_205' title='bbox 1595 1487 1749 1554; x_wconf 61' lang='lat' dir='ltr'>plecti-</span> 
     </span>
     <span class='ocr_line' id='line_1_22' title="bbox 89 1553 1749 1621; baseline 0.001 -17"><span class='ocrx_word' id='word_1_206' title='bbox 89 1570 175 1604; x_wconf 85' lang='lat' dir='ltr'>tur.</span> <span class='ocrx_word' id='word_1_207' title='bbox 209 1557 353 1603; x_wconf 88' lang='lat' dir='ltr'>Tanta</span> <span class='ocrx_word' id='word_1_208' title='bbox 370 1553 472 1600; x_wconf 81' lang='lat' dir='ltr'>furti</span> <span class='ocrx_word' id='word_1_209' title='bbox 497 1554 658 1601; x_wconf 81' lang='lat' dir='ltr'>remiffa</span> <span class='ocrx_word' id='word_1_210' title='bbox 671 1555 892 1621; x_wconf 80' lang='lat' dir='ltr'>castigatio</span> <span class='ocrx_word' id='word_1_211' title='bbox 901 1554 1122 1621; x_wconf 81' lang='lat' dir='ltr'>ingentem</span> <span class='ocrx_word' id='word_1_212' title='bbox 1141 1565 1232 1602; x_wconf 89' lang='lat' dir='ltr'>tota</span> <span class='ocrx_word' id='word_1_213' title='bbox 1243 1555 1340 1602; x_wconf 88' lang='lat' dir='ltr'>Sina</span> <span class='ocrx_word' id='word_1_214' title='bbox 1353 1572 1410 1602; x_wconf 84' lang='lat' dir='ltr'>ex</span> <span class='ocrx_word' id='word_1_215' title='bbox 1420 1555 1514 1603; x_wconf 87' lang='lat' dir='ltr'>fece</span> <span class='ocrx_word' id='word_1_216' title='bbox 1524 1554 1664 1621; x_wconf 88' lang='lat' dir='ltr'>plebis</span> <span class='ocrx_word' id='word_1_217' title='bbox 1678 1556 1749 1606; x_wconf 83' lang='lat' dir='ltr'>fi1-</span> 
     </span>
     <span class='ocr_line' id='line_1_23' title="bbox 91 1623 1748 1692; baseline 0.002 -19"><span class='ocrx_word' id='word_1_218' title='bbox 91 1642 211 1686; x_wconf 80' lang='lat' dir='ltr'>rum,</span> <span class='ocrx_word' id='word_1_219' title='bbox 238 1642 288 1672; x_wconf 87' lang='lat' dir='ltr'>ac</span> <span class='ocrx_word' id='word_1_220' title='bbox 302 1637 525 1689; x_wconf 86' lang='lat' dir='ltr'>raptorum</span> <span class='ocrx_word' id='word_1_221' title='bbox 538 1624 711 1691; x_wconf 87' lang='lat' dir='ltr'>copiam</span> <span class='ocrx_word' id='word_1_222' title='bbox 720 1624 924 1691; x_wconf 91' lang='lat' dir='ltr'>producit</span> <span class='ocrx_word' id='word_1_223' title='bbox 943 1643 953 1670; x_wconf 80' lang='lat' dir='ltr'><strong><em>z</em></strong></span> <span class='ocrx_word' id='word_1_224' title='bbox 978 1623 1061 1671; x_wconf 90' lang='lat' dir='ltr'>Sed</span> <span class='ocrx_word' id='word_1_225' title='bbox 1076 1640 1133 1671; x_wconf 81' lang='lat' dir='ltr'>ex</span> <span class='ocrx_word' id='word_1_226' title='bbox 1151 1642 1242 1690; x_wconf 92' lang='lat' dir='ltr'>quo</span> <span class='ocrx_word' id='word_1_227' title='bbox 1264 1625 1431 1672; x_wconf 87' lang='lat' dir='ltr'>Tartari</span> <span class='ocrx_word' id='word_1_228' title='bbox 1446 1627 1589 1672; x_wconf 85' lang='lat' dir='ltr'>Sinam</span> <span class='ocrx_word' id='word_1_229' title='bbox 1609 1644 1748 1692; x_wconf 77' lang='lat' dir='ltr'>nuper</span> 
     </span>
     <span class='ocr_line' id='line_1_24' title="bbox 89 1692 1749 1762; baseline 0.003 -20"><span class='ocrx_word' id='word_1_230' title='bbox 89 1708 397 1762; x_wconf 80' lang='lat' dir='ltr'>expugnarunt</span> <span class='ocrx_word' id='word_1_231' title='bbox 420 1731 433 1754; x_wconf 81' lang='lat'>,</span> <span class='ocrx_word' id='word_1_232' title='bbox 466 1694 582 1742; x_wconf 91' lang='lat' dir='ltr'>haud</span> <span class='ocrx_word' id='word_1_233' title='bbox 598 1696 758 1760; x_wconf 79' lang='lat' dir='ltr'>exigua</span> <span class='ocrx_word' id='word_1_234' title='bbox 775 1696 820 1741; x_wconf 90' lang='lat' dir='ltr'>in</span> <span class='ocrx_word' id='word_1_235' title='bbox 846 1693 1007 1742; x_wconf 62' lang='lat' dir='ltr'>deliciis</span> <span class='ocrx_word' id='word_1_236' title='bbox 1035 1692 1269 1760; x_wconf 62' lang='lat' dir='ltr'>plectendis</span> <span class='ocrx_word' id='word_1_237' title='bbox 1294 1697 1479 1743; x_wconf 90' lang='lat' dir='ltr'>mutatio</span> <span class='ocrx_word' id='word_1_238' title='bbox 1501 1695 1749 1747; x_wconf 67' lang='lat' dir='ltr'>iritrodu&amp;a</span> 
     </span>
     <span class='ocr_line' id='line_1_25' title="bbox 91 1763 1747 1831; baseline 0.001 -18"><span class='ocrx_word' id='word_1_239' title='bbox 91 1763 212 1813; x_wconf 80' lang='lat' dir='ltr'>fuisse</span> <span class='ocrx_word' id='word_1_240' title='bbox 228 1763 397 1811; x_wconf 87' lang='lat' dir='ltr'>videtur</span> <span class='ocrx_word' id='word_1_241' title='bbox 424 1783 433 1809; x_wconf 90' lang='lat'>:</span> <span class='ocrx_word' id='word_1_242' title='bbox 465 1766 630 1829; x_wconf 84' lang='lat' dir='ltr'>quippe</span> <span class='ocrx_word' id='word_1_243' title='bbox 648 1765 822 1812; x_wconf 90' lang='lat' dir='ltr'>minima</span> <span class='ocrx_word' id='word_1_244' title='bbox 836 1781 1014 1830; x_wconf 91' lang='lat' dir='ltr'>quoque</span> <span class='ocrx_word' id='word_1_245' title='bbox 1035 1763 1189 1813; x_wconf 65' lang='lat' dir='ltr'>delicia</span> <span class='ocrx_word' id='word_1_246' title='bbox 1204 1763 1335 1812; x_wconf 81' lang='lat' dir='ltr'>hodie</span> <span class='ocrx_word' id='word_1_247' title='bbox 1355 1763 1500 1831; x_wconf 80' lang='lat' dir='ltr'>gladio</span> <span class='ocrx_word' id='word_1_248' title='bbox 1516 1802 1528 1825; x_wconf 78' lang='lat'>‚</span> <span class='ocrx_word' id='word_1_249' title='bbox 1548 1765 1747 1815; x_wconf 85' lang='lat' dir='ltr'>&amp;morte</span> 
     </span>
     <span class='ocr_line' id='line_1_26' title="bbox 89 1832 1746 1900; baseline 0.001 -19"><span class='ocrx_word' id='word_1_250' title='bbox 89 1834 343 1900; x_wconf 79' lang='lat' dir='ltr'>puniuntur,</span> <span class='ocrx_word' id='word_1_251' title='bbox 389 1837 480 1890; x_wconf 60' lang='lat' dir='ltr'>Q}</span> <span class='ocrx_word' id='word_1_252' title='bbox 501 1834 554 1880; x_wconf 88' lang='lat' dir='ltr'>ad</span> <span class='ocrx_word' id='word_1_253' title='bbox 573 1846 757 1880; x_wconf 89' lang='lat' dir='ltr'>mortem</span> <span class='ocrx_word' id='word_1_254' title='bbox 773 1832 992 1881; x_wconf 88' lang='lat' dir='ltr'>damnatus</span> <span class='ocrx_word' id='word_1_255' title='bbox 1007 1834 1067 1881; x_wconf 88' lang='lat' dir='ltr'>est</span> <span class='ocrx_word' id='word_1_256' title='bbox 1083 1871 1096 1893; x_wconf 82' lang='lat'>,</span> <span class='ocrx_word' id='word_1_257' title='bbox 1119 1835 1258 1900; x_wconf 81' lang='lat' dir='ltr'>ligatis</span> <span class='ocrx_word' id='word_1_258' title='bbox 1280 1832 1473 1882; x_wconf 88' lang='lat' dir='ltr'>manibus</span> <span class='ocrx_word' id='word_1_259' title='bbox 1487 1872 1500 1894; x_wconf 80' lang='lat'>,</span> <span class='ocrx_word' id='word_1_260' title='bbox 1534 1835 1580 1881; x_wconf 74' lang='lat'>8&lt;</span> <span class='ocrx_word' id='word_1_261' title='bbox 1600 1836 1746 1884; x_wconf 84' lang='lat' dir='ltr'>tabula</span> 
     </span>
     <span class='ocr_line' id='line_1_27' title="bbox 92 1901 1746 1971; baseline 0.001 -20"><span class='ocrx_word' id='word_1_262' title='bbox 92 1918 216 1969; x_wconf 85' lang='lat' dir='ltr'>tergo</span> <span class='ocrx_word' id='word_1_263' title='bbox 230 1901 429 1969; x_wconf 77' lang='lat' dir='ltr'>imposita</span> <span class='ocrx_word' id='word_1_264' title='bbox 438 1940 450 1961; x_wconf 74' lang='lat'>,</span> <span class='ocrx_word' id='word_1_265' title='bbox 465 1903 531 1949; x_wconf 88' lang='lat' dir='ltr'>cui</span> <span class='ocrx_word' id='word_1_266' title='bbox 543 1905 704 1950; x_wconf 84' lang='lat' dir='ltr'>crimen</span> <span class='ocrx_word' id='word_1_267' title='bbox 714 1904 983 1951; x_wconf 70' lang='lat' dir='ltr'>commissum</span> <span class='ocrx_word' id='word_1_268' title='bbox 991 1903 1240 1970; x_wconf 88' lang='lat' dir='ltr'>inscriptum</span> <span class='ocrx_word' id='word_1_269' title='bbox 1250 1904 1310 1951; x_wconf 83' lang='lat' dir='ltr'>est</span> <span class='ocrx_word' id='word_1_270' title='bbox 1319 1938 1332 1962; x_wconf 83' lang='grc'>,</span> <span class='ocrx_word' id='word_1_271' title='bbox 1349 1903 1402 1951; x_wconf 91' lang='lat' dir='ltr'>ad</span> <span class='ocrx_word' id='word_1_272' title='bbox 1414 1903 1564 1955; x_wconf 86' lang='lat' dir='ltr'>locum</span> <span class='ocrx_word' id='word_1_273' title='bbox 1582 1904 1746 1971; x_wconf 88' lang='lat' dir='ltr'>suppli-</span> 
     </span>
     <span class='ocr_line' id='line_1_28' title="bbox 92 1970 1745 2040; baseline 0.002 -21"><span class='ocrx_word' id='word_1_274' title='bbox 92 1973 147 2020; x_wconf 90' lang='lat' dir='ltr'>cii</span> <span class='ocrx_word' id='word_1_275' title='bbox 157 1990 179 2019; x_wconf 88' lang='lat' dir='ltr'>a</span> <span class='ocrx_word' id='word_1_276' title='bbox 192 1976 376 2020; x_wconf 84' lang='lat' dir='ltr'>Praetore</span> <span class='ocrx_word' id='word_1_277' title='bbox 391 1970 640 2032; x_wconf 81' lang='lat' dir='ltr'>deducitur,</span> <span class='ocrx_word' id='word_1_278' title='bbox 657 1972 732 2019; x_wconf 91' lang='lat' dir='ltr'>ubi</span> <span class='ocrx_word' id='word_1_279' title='bbox 749 1990 773 2018; x_wconf 92' lang='lat' dir='ltr'>a</span> <span class='ocrx_word' id='word_1_280' title='bbox 791 1973 927 2021; x_wconf 78' lang='lat' dir='ltr'>milite</span> <span class='ocrx_word' id='word_1_281' title='bbox 939 1974 1078 2038; x_wconf 87' lang='lat' dir='ltr'>capite</span> <span class='ocrx_word' id='word_1_282' title='bbox 1094 1986 1325 2021; x_wconf 90' lang='lat' dir='ltr'>truncatur.</span> <span class='ocrx_word' id='word_1_283' title='bbox 1359 1974 1400 2020; x_wconf 90' lang='lat' dir='ltr'>Si</span> <span class='ocrx_word' id='word_1_284' title='bbox 1416 1975 1484 2020; x_wconf 88' lang='lat' dir='ltr'>cui</span> <span class='ocrx_word' id='word_1_285' title='bbox 1495 1975 1630 2040; x_wconf 84' lang='lat' dir='ltr'>gratia</span> <span class='ocrx_word' id='word_1_286' title='bbox 1645 1977 1745 2023; x_wconf 63' lang='lat' dir='ltr'>vitae</span> 
     </span>
     <span class='ocr_line' id='line_1_29' title="bbox 91 2041 1745 2108; baseline 0.002 -20"><span class='ocrx_word' id='word_1_287' title='bbox 91 2042 342 2090; x_wconf 87' lang='lat' dir='ltr'>conceditur</span> <span class='ocrx_word' id='word_1_288' title='bbox 353 2079 366 2102; x_wconf 76' lang='lat'>‚</span> <span class='ocrx_word' id='word_1_289' title='bbox 397 2043 428 2087; x_wconf 89' lang='lat' dir='ltr'>is</span> <span class='ocrx_word' id='word_1_290' title='bbox 446 2041 617 2089; x_wconf 91' lang='lat' dir='ltr'>duobus</span> <span class='ocrx_word' id='word_1_291' title='bbox 635 2041 912 2090; x_wconf 86' lang='lat' dir='ltr'>arundinibus</span> <span class='ocrx_word' id='word_1_292' title='bbox 924 2044 968 2091; x_wconf 92' lang='lat' dir='ltr'>in</span> <span class='ocrx_word' id='word_1_293' title='bbox 985 2042 1147 2108; x_wconf 89' lang='lat' dir='ltr'>pedum</span> <span class='ocrx_word' id='word_1_294' title='bbox 1162 2042 1317 2108; x_wconf 88' lang='lat' dir='ltr'>plantis</span> <span class='ocrx_word' id='word_1_295' title='bbox 1328 2045 1528 2091; x_wconf 85' lang='lat' dir='ltr'>atrociter</span> <span class='ocrx_word' id='word_1_296' title='bbox 1549 2043 1745 2093; x_wconf 88' lang='lat' dir='ltr'>verbera-</span> 
     </span>
     <span class='ocr_line' id='line_1_30' title="bbox 91 2112 1745 2178; baseline 0.002 -20"><span class='ocrx_word' id='word_1_297' title='bbox 91 2126 176 2172; x_wconf 77' lang='lat' dir='ltr'>tur,</span> <span class='ocrx_word' id='word_1_298' title='bbox 184 2124 234 2158; x_wconf 92' lang='lat' dir='ltr'>ut</span> <span class='ocrx_word' id='word_1_299' title='bbox 242 2113 375 2171; x_wconf 74' lang='lat' dir='ltr'>nervi,</span> <span class='ocrx_word' id='word_1_300' title='bbox 385 2112 430 2157; x_wconf 72' lang='lat'>8&lt;</span> <span class='ocrx_word' id='word_1_301' title='bbox 442 2129 559 2160; x_wconf 81' lang='lat' dir='ltr'>venae</span> <span class='ocrx_word' id='word_1_302' title='bbox 571 2129 647 2176; x_wconf 90' lang='lat' dir='ltr'>per</span> <span class='ocrx_word' id='word_1_303' title='bbox 657 2112 834 2161; x_wconf 85' lang='lat' dir='ltr'>laceram</span> <span class='ocrx_word' id='word_1_304' title='bbox 845 2115 978 2160; x_wconf 88' lang='lat' dir='ltr'>cutim</span> <span class='ocrx_word' id='word_1_305' title='bbox 988 2113 1426 2178; x_wconf 77' lang='lat' dir='ltr'>promineant,multis</span> <span class='ocrx_word' id='word_1_306' title='bbox 1436 2114 1547 2160; x_wconf 91' lang='lat' dir='ltr'>inter</span> <span class='ocrx_word' id='word_1_307' title='bbox 1554 2125 1745 2161; x_wconf 87' lang='lat' dir='ltr'>tormen-</span> 
     </span>
     <span class='ocr_line' id='line_1_31' title="bbox 92 2179 1746 2247; baseline -0.001 -19"><span class='ocrx_word' id='word_1_308' title='bbox 92 2195 135 2228; x_wconf 90' lang='lat' dir='ltr'>ta</span> <span class='ocrx_word' id='word_1_309' title='bbox 144 2183 328 2229; x_wconf 85' lang='lat' dir='ltr'>animam</span> <span class='ocrx_word' id='word_1_310' title='bbox 336 2179 631 2228; x_wconf 83' lang='lat' dir='ltr'>exhalantibus</span> <span class='ocrx_word' id='word_1_311' title='bbox 645 2221 659 2242; x_wconf 81' lang='grc'>,</span> <span class='ocrx_word' id='word_1_312' title='bbox 679 2195 752 2228; x_wconf 91' lang='lat' dir='ltr'>aut</span> <span class='ocrx_word' id='word_1_313' title='bbox 765 2194 857 2230; x_wconf 88' lang='lat' dir='ltr'>tota</span> <span class='ocrx_word' id='word_1_314' title='bbox 867 2183 953 2230; x_wconf 85' lang='lat' dir='ltr'>vita</span> <span class='ocrx_word' id='word_1_315' title='bbox 973 2183 1191 2230; x_wconf 82' lang='lat' dir='ltr'>sanitatem</span> <span class='ocrx_word' id='word_1_316' title='bbox 1201 2217 1214 2240; x_wconf 86' lang='lat'>,</span> <span class='ocrx_word' id='word_1_317' title='bbox 1247 2183 1293 2229; x_wconf 75' lang='lat'>8&lt;</span> <span class='ocrx_word' id='word_1_318' title='bbox 1303 2181 1425 2230; x_wconf 89' lang='lat' dir='ltr'>usum</span> <span class='ocrx_word' id='word_1_319' title='bbox 1440 2182 1603 2247; x_wconf 89' lang='lat' dir='ltr'>pedum</span> <span class='ocrx_word' id='word_1_320' title='bbox 1620 2185 1746 2246; x_wconf 60' lang='lat' dir='ltr'>amit-⁴</span> 
     </span>
     <span class='ocr_line' id='line_1_32' title="bbox 93 2249 1746 2316; baseline 0.001 -18"><span class='ocrx_word' id='word_1_321' title='bbox 93 2249 296 2298; x_wconf 81' lang='lat' dir='ltr'>tentibus,</span> <span class='ocrx_word' id='word_1_322' title='bbox 331 2252 388 2297; x_wconf 87' lang='lat' dir='ltr'>Et</span> <span class='ocrx_word' id='word_1_323' title='bbox 396 2249 466 2296; x_wconf 86' lang='lat' dir='ltr'>hic</span> <span class='ocrx_word' id='word_1_324' title='bbox 481 2252 719 2297; x_wconf 89' lang='lat' dir='ltr'>communis</span> <span class='ocrx_word' id='word_1_325' title='bbox 728 2251 1039 2316; x_wconf 88' lang='lat' dir='ltr'>suppliciorum</span> <span class='ocrx_word' id='word_1_326' title='bbox 1046 2250 1174 2299; x_wconf 88' lang='lat' dir='ltr'>ordo.</span> <span class='ocrx_word' id='word_1_327' title='bbox 1207 2251 1281 2297; x_wconf 84' lang='lat' dir='ltr'>Ad</span> <span class='ocrx_word' id='word_1_328' title='bbox 1290 2251 1423 2310; x_wconf 75' lang='lat' dir='ltr'>furta,</span> <span class='ocrx_word' id='word_1_329' title='bbox 1433 2253 1479 2298; x_wconf 72' lang='lat'>8&lt;</span> <span class='ocrx_word' id='word_1_330' title='bbox 1491 2251 1569 2297; x_wconf 90' lang='lat' dir='ltr'>alia</span> <span class='ocrx_word' id='word_1_331' title='bbox 1584 2250 1746 2316; x_wconf 85' lang='lat' dir='ltr'>flagitia</span> 
     </span>
     <span class='ocr_line' id='line_1_33' title="bbox 93 2316 1744 2387; baseline 0 -19"><span class='ocrx_word' id='word_1_332' title='bbox 93 2318 369 2387; x_wconf 88' lang='lat' dir='ltr'>impedienda</span> <span class='ocrx_word' id='word_1_333' title='bbox 385 2316 516 2367; x_wconf 58' lang='lat' dir='ltr'>noctu</span> <span class='ocrx_word' id='word_1_334' title='bbox 527 2318 693 2384; x_wconf 89' lang='lat' dir='ltr'>aliquot</span> <span class='ocrx_word' id='word_1_335' title='bbox 703 2320 820 2366; x_wconf 91' lang='lat' dir='ltr'>mille</span> <span class='ocrx_word' id='word_1_336' title='bbox 830 2322 974 2366; x_wconf 90' lang='lat' dir='ltr'>armati</span> <span class='ocrx_word' id='word_1_337' title='bbox 984 2319 1142 2384; x_wconf 89' lang='lat' dir='ltr'>plateas</span> <span class='ocrx_word' id='word_1_338' title='bbox 1160 2317 1352 2380; x_wconf 81' lang='lat' dir='ltr'>obeunt,</span> <span class='ocrx_word' id='word_1_339' title='bbox 1388 2322 1435 2370; x_wconf 76' lang='lat'>8&lt;</span> <span class='ocrx_word' id='word_1_340' title='bbox 1453 2318 1633 2367; x_wconf 88' lang='lat' dir='ltr'>subinde</span> <span class='ocrx_word' id='word_1_341' title='bbox 1652 2320 1744 2384; x_wconf 88' lang='lat' dir='ltr'>pel-</span> 
     </span>
     <span class='ocr_line' id='line_1_34' title="bbox 95 2387 1743 2455; baseline -0.001 -17"><span class='ocrx_word' id='word_1_342' title='bbox 95 2388 372 2455; x_wconf 84' lang='lat' dir='ltr'>vimpulsant.</span> <span class='ocrx_word' id='word_1_343' title='bbox 406 2391 463 2435; x_wconf 86' lang='lat' dir='ltr'>Et</span> <span class='ocrx_word' id='word_1_344' title='bbox 472 2405 716 2454; x_wconf 87' lang='lat' dir='ltr'>quanquam</span> <span class='ocrx_word' id='word_1_345' title='bbox 726 2388 876 2454; x_wconf 83' lang='lat' dir='ltr'>plateae</span> <span class='ocrx_word' id='word_1_346' title='bbox 896 2388 1029 2437; x_wconf 63' lang='lat' dir='ltr'>noctu</span> <span class='ocrx_word' id='word_1_347' title='bbox 1038 2387 1252 2450; x_wconf 85' lang='lat' dir='ltr'>objicibus</span> <span class='ocrx_word' id='word_1_348' title='bbox 1271 2389 1524 2439; x_wconf 82' lang='lat' dir='ltr'>claudantur</span> <span class='ocrx_word' id='word_1_349' title='bbox 1539 2426 1552 2448; x_wconf 81' lang='lat'>‚</span> <span class='ocrx_word' id='word_1_350' title='bbox 1584 2389 1743 2438; x_wconf 81' lang='lat' dir='ltr'>nihilo-</span> 
     </span>
     <span class='ocr_line' id='line_1_35' title="bbox 91 2455 1744 2526; baseline -0.001 -19"><span class='ocrx_word' id='word_1_351' title='bbox 91 2461 230 2507; x_wconf 89' lang='lat' dir='ltr'>minus</span> <span class='ocrx_word' id='word_1_352' title='bbox 245 2458 287 2506; x_wconf 93' lang='lat' dir='ltr'>hi</span> <span class='ocrx_word' id='word_1_353' title='bbox 309 2458 530 2523; x_wconf 81' lang='lat' dir='ltr'>praedones</span> <span class='ocrx_word' id='word_1_354' title='bbox 553 2455 798 2522; x_wconf 88' lang='lat' dir='ltr'>frequenter</span> <span class='ocrx_word' id='word_1_355' title='bbox 814 2458 995 2524; x_wconf 80' lang='lat' dir='ltr'>integras</span> <span class='ocrx_word' id='word_1_356' title='bbox 1014 2457 1169 2506; x_wconf 89' lang='lat' dir='ltr'>domus</span> <span class='ocrx_word' id='word_1_357' title='bbox 1188 2458 1383 2524; x_wconf 82' lang='lat' dir='ltr'>expilant</span> <span class='ocrx_word' id='word_1_358' title='bbox 1397 2495 1409 2517; x_wconf 87' lang='lat'>,</span> <span class='ocrx_word' id='word_1_359' title='bbox 1440 2459 1648 2526; x_wconf 90' lang='lat' dir='ltr'>quoniam</span> <span class='ocrx_word' id='word_1_360' title='bbox 1663 2458 1744 2523; x_wconf 81' lang='lat' dir='ltr'>ipsi</span> 
     </span>
     <span class='ocr_line' id='line_1_36' title="bbox 94 2525 1744 2593; baseline 0.002 -19"><span class='ocrx_word' id='word_1_361' title='bbox 94 2529 156 2576; x_wconf 87' lang='lat' dir='ltr'>illi</span> <span class='ocrx_word' id='word_1_362' title='bbox 174 2528 368 2578; x_wconf 89' lang='lat' dir='ltr'>custodes</span> <span class='ocrx_word' id='word_1_363' title='bbox 377 2527 569 2575; x_wconf 74' lang='lat' dir='ltr'>custodia</span> <span class='ocrx_word' id='word_1_364' title='bbox 584 2544 694 2591; x_wconf 84' lang='lat' dir='ltr'>opus</span> <span class='ocrx_word' id='word_1_365' title='bbox 711 2526 916 2575; x_wconf 82' lang='lat' dir='ltr'>haberent</span> <span class='ocrx_word' id='word_1_366' title='bbox 931 2564 944 2587; x_wconf 79' lang='grc'>,</span> <span class='ocrx_word' id='word_1_367' title='bbox 976 2528 1021 2574; x_wconf 88' lang='lat'>&amp;</span> <span class='ocrx_word' id='word_1_368' title='bbox 1042 2525 1240 2593; x_wconf 91' lang='lat' dir='ltr'>plerique</span> <span class='ocrx_word' id='word_1_369' title='bbox 1256 2528 1323 2576; x_wconf 84' lang='lat' dir='ltr'>vel</span> <span class='ocrx_word' id='word_1_370' title='bbox 1340 2528 1451 2578; x_wconf 87' lang='lat' dir='ltr'>fures</span> <span class='ocrx_word' id='word_1_371' title='bbox 1466 2566 1479 2590; x_wconf 83' lang='lat'>‚</span> <span class='ocrx_word' id='word_1_372' title='bbox 1511 2526 1579 2576; x_wconf 87' lang='lat' dir='ltr'>vel</span> <span class='ocrx_word' id='word_1_373' title='bbox 1598 2527 1744 2577; x_wconf 87' lang='lat' dir='ltr'>furum</span> 
     </span>
     <span class='ocr_line' id='line_1_37' title="bbox 95 2596 586 2646; baseline 0 -2"><span class='ocrx_word' id='word_1_374' title='bbox 95 2597 342 2646; x_wconf 86' lang='lat' dir='ltr'>clandestini</span> <span class='ocrx_word' id='word_1_375' title='bbox 358 2597 459 2644; x_wconf 88' lang='lat' dir='ltr'>socii</span> <span class='ocrx_word' id='word_1_376' title='bbox 478 2596 586 2645; x_wconf 89' lang='lat' dir='ltr'>sunt.</span> 
     </span>
    </p>

    <p class='ocr_par' dir='ltr' id='par_1_4' title="bbox 97 2665 1751 3081">
     <span class='ocr_line' id='line_1_38' title="bbox 162 2665 1744 2733; baseline 0.001 -19"><span class='ocrx_word' id='word_1_377' title='bbox 162 2668 339 2714; x_wconf 87' lang='lat' dir='ltr'>Habent</span> <span class='ocrx_word' id='word_1_378' title='bbox 366 2667 412 2713; x_wconf 75' lang='lat'>8&lt;</span> <span class='ocrx_word' id='word_1_379' title='bbox 438 2685 558 2716; x_wconf 88' lang='lat' dir='ltr'>more</span> <span class='ocrx_word' id='word_1_380' title='bbox 575 2666 857 2732; x_wconf 77' lang='lat' dir='ltr'>Pythagoraeo</span> <span class='ocrx_word' id='word_1_381' title='bbox 885 2667 1090 2733; x_wconf 58' lang='lat' dir='ltr'>Inspffores</span> <span class='ocrx_word' id='word_1_382' title='bbox 1113 2666 1461 2732; x_wconf 89' lang='lat' dir='ltr'>quotidianarum</span> <span class='ocrx_word' id='word_1_383' title='bbox 1484 2665 1744 2732; x_wconf 82' lang='lat' dir='ltr'>fingularum</span> 
     </span>
     <span class='ocr_line' id='line_1_39' title="bbox 97 2733 1746 2803; baseline 0.001 -20"><span class='ocrx_word' id='word_1_384' title='bbox 97 2734 433 2803; x_wconf 67' lang='lat' dir='ltr'>a&amp;ionum,quae</span> <span class='ocrx_word' id='word_1_385' title='bbox 448 2739 591 2802; x_wconf 88' lang='lat' dir='ltr'>primo</span> <span class='ocrx_word' id='word_1_386' title='bbox 605 2754 728 2784; x_wconf 87' lang='lat' dir='ltr'>mane</span> <span class='ocrx_word' id='word_1_387' title='bbox 741 2735 978 2783; x_wconf 88' lang='lat' dir='ltr'>redduntur</span> <span class='ocrx_word' id='word_1_388' title='bbox 997 2754 1006 2781; x_wconf 76' lang='grc' dir='ltr'>ε</span> <span class='ocrx_word' id='word_1_389' title='bbox 1024 2754 1118 2784; x_wconf 89' lang='lat' dir='ltr'>reus</span> <span class='ocrx_word' id='word_1_390' title='bbox 1128 2775 1142 2797; x_wconf 85' lang='lat'>,</span> <span class='ocrx_word' id='word_1_391' title='bbox 1160 2737 1227 2783; x_wconf 91' lang='lat' dir='ltr'>vel</span> <span class='ocrx_word' id='word_1_392' title='bbox 1238 2733 1469 2796; x_wconf 68' lang='lat' dir='ltr'>deli&amp;um,j</span> <span class='ocrx_word' id='word_1_393' title='bbox 1476 2752 1549 2783; x_wconf 85' lang='lat' dir='ltr'>ure</span> <span class='ocrx_word' id='word_1_394' title='bbox 1564 2753 1617 2782; x_wconf 89' lang='lat' dir='ltr'>an</span> <span class='ocrx_word' id='word_1_395' title='bbox 1631 2735 1746 2798; x_wconf 86' lang='lat' dir='ltr'>inju-</span> 
     </span>
     <span class='ocr_line' id='line_1_40' title="bbox 98 2804 1744 2871; baseline 0.001 -19"><span class='ocrx_word' id='word_1_396' title='bbox 98 2807 182 2865; x_wconf 80' lang='lat' dir='ltr'>ria,</span> <span class='ocrx_word' id='word_1_397' title='bbox 209 2817 258 2850; x_wconf 90' lang='lat' dir='ltr'>ut</span> <span class='ocrx_word' id='word_1_398' title='bbox 273 2807 380 2853; x_wconf 90' lang='lat' dir='ltr'>inter</span> <span class='ocrx_word' id='word_1_399' title='bbox 395 2806 595 2855; x_wconf 88' lang='lat' dir='ltr'>Barbaros</span> <span class='ocrx_word' id='word_1_400' title='bbox 610 2824 763 2871; x_wconf 88' lang='lat' dir='ltr'>parum</span> <span class='ocrx_word' id='word_1_401' title='bbox 784 2805 934 2866; x_wconf 80' lang='lat' dir='ltr'>refert,</span> <span class='ocrx_word' id='word_1_402' title='bbox 963 2806 1155 2870; x_wconf 83' lang='lat' dir='ltr'>praesenti</span> <span class='ocrx_word' id='word_1_403' title='bbox 1166 2804 1379 2871; x_wconf 88' lang='lat' dir='ltr'>supplicio</span> <span class='ocrx_word' id='word_1_404' title='bbox 1392 2843 1404 2865; x_wconf 83' lang='lat'>‚</span> <span class='ocrx_word' id='word_1_405' title='bbox 1421 2805 1657 2866; x_wconf 79' lang='lat' dir='ltr'>inauditus,</span> <span class='ocrx_word' id='word_1_406' title='bbox 1680 2807 1744 2854; x_wconf 89' lang='lat' dir='ltr'>in-</span> 
     </span>
     <span class='ocr_line' id='line_1_41' title="bbox 100 2872 1748 2942; baseline 0.001 -20"><span class='ocrx_word' id='word_1_407' title='bbox 100 2872 316 2934; x_wconf 83' lang='lat' dir='ltr'>defensus,</span> <span class='ocrx_word' id='word_1_408' title='bbox 338 2876 384 2922; x_wconf 85' lang='lat'>&amp;</span> <span class='ocrx_word' id='word_1_409' title='bbox 399 2876 653 2942; x_wconf 87' lang='lat' dir='ltr'>plerumque</span> <span class='ocrx_word' id='word_1_410' title='bbox 668 2878 869 2923; x_wconf 88' lang='lat' dir='ltr'>innocens</span> <span class='ocrx_word' id='word_1_411' title='bbox 890 2874 1056 2941; x_wconf 84' lang='lat' dir='ltr'>(neque</span> <span class='ocrx_word' id='word_1_412' title='bbox 1071 2876 1187 2922; x_wconf 89' lang='lat' dir='ltr'>enim</span> <span class='ocrx_word' id='word_1_413' title='bbox 1217 2876 1305 2922; x_wconf 84' lang='lat' dir='ltr'>haec</span> <span class='ocrx_word' id='word_1_414' title='bbox 1320 2875 1436 2939; x_wconf 90' lang='lat' dir='ltr'>apud</span> <span class='ocrx_word' id='word_1_415' title='bbox 1450 2874 1585 2936; x_wconf 85' lang='lat' dir='ltr'>justos</span> <span class='ocrx_word' id='word_1_416' title='bbox 1600 2893 1748 2942; x_wconf 67' lang='lat' dir='ltr'>popu⁴</span> 
     </span>
     <span class='ocr_line' id='line_1_42' title="bbox 97 2943 1751 3012; baseline 0 -18"><span class='ocrx_word' id='word_1_417' title='bbox 97 2944 164 2994; x_wconf 86' lang='lat' dir='ltr'>los</span> <span class='ocrx_word' id='word_1_418' title='bbox 179 2944 289 2991; x_wconf 88' lang='lat' dir='ltr'>ratio</span> <span class='ocrx_word' id='word_1_419' title='bbox 303 2946 566 2993; x_wconf 85' lang='lat' dir='ltr'>executionis</span> <span class='ocrx_word' id='word_1_420' title='bbox 580 2946 665 3012; x_wconf 79' lang='lat' dir='ltr'>est)</span> <span class='ocrx_word' id='word_1_421' title='bbox 688 2945 891 2993; x_wconf 86' lang='lat' dir='ltr'>afficitur:</span> <span class='ocrx_word' id='word_1_422' title='bbox 913 2946 1123 2993; x_wconf 79' lang='lat' dir='ltr'>Kantonae</span> <span class='ocrx_word' id='word_1_423' title='bbox 1138 2944 1229 2991; x_wconf 85' lang='lat' dir='ltr'>talis</span> <span class='ocrx_word' id='word_1_424' title='bbox 1245 2943 1424 2991; x_wconf 89' lang='lat' dir='ltr'>fustibus</span> <span class='ocrx_word' id='word_1_425' title='bbox 1440 2944 1493 2995; x_wconf 89' lang='lat' dir='ltr'>ad</span> <span class='ocrx_word' id='word_1_426' title='bbox 1505 2947 1751 2994; x_wconf 73' lang='lat' dir='ltr'>necemim-</span> 
     </span>
     <span class='ocr_line' id='line_1_43' title="bbox 101 3011 1591 3081; baseline 0 -19"><span class='ocrx_word' id='word_1_427' title='bbox 101 3011 426 3071; x_wconf 68' lang='lat' dir='ltr'>misericorditer</span> <span class='ocrx_word' id='word_1_428' title='bbox 439 3015 717 3063; x_wconf 88' lang='lat' dir='ltr'>Mandarinus</span> <span class='ocrx_word' id='word_1_429' title='bbox 732 3033 754 3062; x_wconf 91' lang='lat' dir='ltr'>a</span> <span class='ocrx_word' id='word_1_430' title='bbox 767 3019 951 3081; x_wconf 81' lang='lat' dir='ltr'>Prorege</span> <span class='ocrx_word' id='word_1_431' title='bbox 965 3012 1106 3073; x_wconf 72' lang='lat' dir='ltr'>caesuS‚</span> <span class='ocrx_word' id='word_1_432' title='bbox 1120 3031 1189 3061; x_wconf 89' lang='lat' dir='ltr'>me</span> <span class='ocrx_word' id='word_1_433' title='bbox 1205 3015 1406 3080; x_wconf 80' lang='lat' dir='ltr'>praesente</span> <span class='ocrx_word' id='word_1_434' title='bbox 1418 3016 1591 3063; x_wconf 86' lang='lat' dir='ltr'>interiit.</span> 
     </span>
    </p>

    <p class='ocr_par' dir='ltr' id='par_1_5' title="bbox 169 3081 1748 3152">
     <span class='ocr_line' id='line_1_44' title="bbox 169 3081 1748 3152; baseline 0.002 -24"><span class='ocrx_word' id='word_1_435' title='bbox 169 3087 386 3143; x_wconf 86' lang='lat' dir='ltr'>Qartum</span> <span class='ocrx_word' id='word_1_436' title='bbox 409 3085 626 3135; x_wconf 86' lang='lat' dir='ltr'>Arcanum</span> <span class='ocrx_word' id='word_1_437' title='bbox 651 3087 825 3152; x_wconf 82' lang='lat' dir='ltr'>Imperii</span> <span class='ocrx_word' id='word_1_438' title='bbox 848 3086 976 3136; x_wconf 84' lang='lat' dir='ltr'>Sinici</span> <span class='ocrx_word' id='word_1_439' title='bbox 998 3081 1059 3131; x_wconf 85' lang='lat' dir='ltr'>est</span> <span class='ocrx_word' id='word_1_440' title='bbox 1082 3084 1353 3151; x_wconf 80' lang='lat' dir='ltr'>Magistratus</span> <span class='ocrx_word' id='word_1_441' title='bbox 1378 3097 1499 3134; x_wconf 83' lang='lat' dir='ltr'>extra</span> <span class='ocrx_word' id='word_1_442' title='bbox 1526 3086 1748 3152; x_wconf 81' lang='lat' dir='ltr'>regionem</span> 
     </span>
    </p>
   </div>
   <div class='ocr_carea' id='block_1_4' title="bbox 1628 3166 1754 3205">
    <p class='ocr_par' dir='ltr' id='par_1_6' title="bbox 1628 3166 1754 3205">
     <span class='ocr_line' id='line_1_45' title="bbox 1628 3166 1754 3205; baseline -0.008 -4"><span class='ocrx_word' id='word_1_443' title='bbox 1628 3166 1754 3205; x_wconf 64' lang='lat' dir='ltr'>natus</span> 
     </span>
    </p>
   </div>
  </div>
 </body>
</html>
