<?xml version="1.0" encoding="UTF-8"?>
<!DOCTYPE html PUBLIC "-//W3C//DTD XHTML 1.0 Transitional//EN"
    "http://www.w3.org/TR/xhtml1/DTD/xhtml1-transitional.dtd">
<html xmlns="http://www.w3.org/1999/xhtml" xml:lang="en" lang="en">
 <head>
  <title>
</title>
<meta http-equiv="Content-Type" content="text/html;charset=utf-8" />
  <meta name='ocr-system' content='tesseract 3.04.00' />
  <meta name='ocr-capabilities' content='ocr_page ocr_carea ocr_par ocr_line ocrx_word'/>
</head>
<body>
  <div class='ocr_page' id='page_1' title='image "./legatiobatavicaa00nieu_0218.png"; bbox 0 0 2114 3412; ppageno 0'>
   <div class='ocr_carea' id='block_1_1' title="bbox 131 647 286 806">
    <p class='ocr_par' dir='ltr' id='par_1_1' title="bbox 131 647 286 806">
     <span class='ocr_line' id='line_1_1' title="bbox 134 647 286 689; baseline -0.007 -10"><span class='ocrx_word' id='word_1_1' title='bbox 134 653 172 680; x_wconf 85' lang='lat' dir='ltr'>L</span> <span class='ocrx_word' id='word_1_2' title='bbox 164 651 236 689; x_wconf 82' lang='lat' dir='ltr'>gati</span> <span class='ocrx_word' id='word_1_3' title='bbox 246 647 286 679; x_wconf 86' lang='lat' dir='ltr'>sa-</span> 
     </span>
     <span class='ocr_line' id='line_1_2' title="bbox 131 690 286 722; baseline 0.006 -1"><span class='ocrx_word' id='word_1_4' title='bbox 131 690 278 722; x_wconf 83' lang='lat' dir='ltr'>lutantur</span> <span class='ocrx_word' id='word_1_5' title='bbox 269 701 286 722; x_wconf 81' lang='lat' dir='ltr'>a</span> 
     </span>
     <span class='ocr_line' id='line_1_3' title="bbox 131 735 280 774; baseline -0.007 -11"><span class='ocrx_word' id='word_1_6' title='bbox 131 735 280 774; x_wconf 85' lang='lat' dir='ltr'>Magnati-</span> 
     </span>
     <span class='ocr_line' id='line_1_4' title="bbox 132 773 197 806; baseline 0.019 -1"><span class='ocrx_word' id='word_1_7' title='bbox 132 773 197 806; x_wconf 84' lang='lat' dir='ltr'>bus.</span> 
     </span>
    </p>
   </div>
   <div class='ocr_carea' id='block_1_2' title="bbox 313 138 1565 223">
    <p class='ocr_par' dir='ltr' id='par_1_2' title="bbox 313 138 1565 223">
     <span class='ocr_line' id='line_1_5' title="bbox 313 138 1565 223; baseline -0.005 -21"><span class='ocrx_word' id='word_1_8' title='bbox 313 167 416 214; x_wconf 84' lang='lat'>142</span> <span class='ocrx_word' id='word_1_9' title='bbox 682 144 822 201; x_wconf 72' lang='lat' dir='ltr'>‘Pars</span> <span class='ocrx_word' id='word_1_10' title='bbox 839 140 983 198; x_wconf 84' lang='lat' dir='ltr'>tertia</span> <span class='ocrx_word' id='word_1_11' title='bbox 1002 138 1282 223; x_wconf 72' lang='lat' dir='ltr'>Legationis</span> <span class='ocrx_word' id='word_1_12' title='bbox 1302 140 1565 199; x_wconf 62' lang='lat' dir='ltr'>Batavicae</span> 
     </span>
    </p>
   </div>
   <div class='ocr_carea' id='block_1_3' title="bbox 303 226 1983 3145">
    <p class='ocr_par' dir='ltr' id='par_1_3' title="bbox 311 226 1980 656">
     <span class='ocr_line' id='line_1_6' title="bbox 312 226 1979 312; baseline -0.001 -18"><span class='ocrx_word' id='word_1_13' title='bbox 312 248 413 295; x_wconf 88' lang='lat' dir='ltr'>hinc</span> <span class='ocrx_word' id='word_1_14' title='bbox 433 244 532 292; x_wconf 90' lang='lat' dir='ltr'>inde</span> <span class='ocrx_word' id='word_1_15' title='bbox 547 244 646 309; x_wconf 84' lang='lat' dir='ltr'>pagi</span> <span class='ocrx_word' id='word_1_16' title='bbox 669 244 715 290; x_wconf 77' lang='lat'>8&lt;</span> <span class='ocrx_word' id='word_1_17' title='bbox 739 242 792 290; x_wconf 86' lang='lat' dir='ltr'>ad</span> <span class='ocrx_word' id='word_1_18' title='bbox 816 226 1017 290; x_wconf 70' lang='lat' dir='ltr'>finistra‘m</span> <span class='ocrx_word' id='word_1_19' title='bbox 1039 244 1114 290; x_wconf 86' lang='lat' dir='ltr'>viae</span> <span class='ocrx_word' id='word_1_20' title='bbox 1126 244 1346 308; x_wconf 87' lang='lat' dir='ltr'>proximus</span> <span class='ocrx_word' id='word_1_21' title='bbox 1355 245 1571 312; x_wconf 84' lang='lat' dir='ltr'>Pagodes,</span> <span class='ocrx_word' id='word_1_22' title='bbox 1590 242 1665 291; x_wconf 90' lang='lat' dir='ltr'>ubi</span> <span class='ocrx_word' id='word_1_23' title='bbox 1678 243 1858 309; x_wconf 88' lang='lat' dir='ltr'>prandio</span> <span class='ocrx_word' id='word_1_24' title='bbox 1869 242 1979 292; x_wconf 61' lang='lat' dir='ltr'>festi«</span> 
     </span>
     <span class='ocr_line' id='line_1_7' title="bbox 312 312 1979 379; baseline -0.001 -16"><span class='ocrx_word' id='word_1_25' title='bbox 312 329 462 362; x_wconf 89' lang='lat' dir='ltr'>nanter</span> <span class='ocrx_word' id='word_1_26' title='bbox 475 313 638 367; x_wconf 85' lang='lat' dir='ltr'>sumto,</span> <span class='ocrx_word' id='word_1_27' title='bbox 657 312 859 378; x_wconf 76' lang='lat' dir='ltr'>progressi</span> <span class='ocrx_word' id='word_1_28' title='bbox 877 330 1076 378; x_wconf 89' lang='lat' dir='ltr'>campum</span> <span class='ocrx_word' id='word_1_29' title='bbox 1097 312 1211 360; x_wconf 92' lang='lat' dir='ltr'>haud</span> <span class='ocrx_word' id='word_1_30' title='bbox 1230 313 1611 379; x_wconf 59' lang='lat' dir='ltr'>procuhanioenuin</span> <span class='ocrx_word' id='word_1_31' title='bbox 1624 349 1637 372; x_wconf 82' lang='lat'>,</span> <span class='ocrx_word' id='word_1_32' title='bbox 1653 314 1881 361; x_wconf 85' lang='lat' dir='ltr'>innumeris</span> <span class='ocrx_word' id='word_1_33' title='bbox 1902 332 1979 379; x_wconf 82' lang='lat' dir='ltr'>per</span> 
     </span>
     <span class='ocr_line' id='line_1_8' title="bbox 311 380 1980 448; baseline 0.001 -18"><span class='ocrx_word' id='word_1_34' title='bbox 311 401 411 430; x_wconf 89' lang='lat' dir='ltr'>eum</span> <span class='ocrx_word' id='word_1_35' title='bbox 422 381 664 429; x_wconf 89' lang='lat' dir='ltr'>hominibus</span> <span class='ocrx_word' id='word_1_36' title='bbox 673 381 821 447; x_wconf 70' lang='lat' dir='ltr'>passim</span> <span class='ocrx_word' id='word_1_37' title='bbox 830 380 1166 441; x_wconf 88' lang='lat' dir='ltr'>discurrentibus,</span> <span class='ocrx_word' id='word_1_38' title='bbox 1172 381 1482 448; x_wconf 54' lang='lat' dir='ltr'>conspeximus</span> <span class='ocrx_word' id='word_1_39' title='bbox 1503 384 1639 430; x_wconf 92' lang='lat' dir='ltr'>Prima</span> <span class='ocrx_word' id='word_1_40' title='bbox 1652 381 1745 447; x_wconf 87' lang='lat' dir='ltr'>post</span> <span class='ocrx_word' id='word_1_41' title='bbox 1757 382 1980 431; x_wconf 82' lang='lat' dir='ltr'>meridiem</span> 
     </span>
     <span class='ocr_line' id='line_1_9' title="bbox 313 450 1980 518; baseline 0.001 -19"><span class='ocrx_word' id='word_1_42' title='bbox 313 453 417 499; x_wconf 90' lang='lat' dir='ltr'>hora</span> <span class='ocrx_word' id='word_1_43' title='bbox 435 450 683 499; x_wconf 87' lang='lat' dir='ltr'>suburbium</span> <span class='ocrx_word' id='word_1_44' title='bbox 699 452 871 516; x_wconf 74' lang='lat' dir='ltr'>‘Pekingae</span> <span class='ocrx_word' id='word_1_45' title='bbox 891 484 906 510; x_wconf 83' lang='lat'>,</span> <span class='ocrx_word' id='word_1_46' title='bbox 931 469 1025 516; x_wconf 85' lang='lat' dir='ltr'>quae</span> <span class='ocrx_word' id='word_1_47' title='bbox 1045 453 1174 500; x_wconf 88' lang='lat' dir='ltr'>totius</span> <span class='ocrx_word' id='word_1_48' title='bbox 1194 454 1365 518; x_wconf 80' lang='lat' dir='ltr'>Imperii</span> <span class='ocrx_word' id='word_1_49' title='bbox 1383 453 1591 510; x_wconf 83' lang='lat' dir='ltr'>Tartarici</span> <span class='ocrx_word' id='word_1_50' title='bbox 1612 453 1829 517; x_wconf 88' lang='lat' dir='ltr'>Sinicique</span> <span class='ocrx_word' id='word_1_51' title='bbox 1849 465 1980 518; x_wconf 87' lang='lat' dir='ltr'>caput</span> 
     </span>
     <span class='ocr_line' id='line_1_10' title="bbox 314 519 1979 588; baseline 0.001 -20"><span class='ocrx_word' id='word_1_52' title='bbox 314 521 373 569; x_wconf 83' lang='lat' dir='ltr'>est</span> <span class='ocrx_word' id='word_1_53' title='bbox 385 556 398 576; x_wconf 89' lang='lat'>,</span> <span class='ocrx_word' id='word_1_54' title='bbox 417 522 568 588; x_wconf 82' lang='lat' dir='ltr'>viginti</span> <span class='ocrx_word' id='word_1_55' title='bbox 591 522 786 586; x_wconf 89' lang='lat' dir='ltr'>quinque</span> <span class='ocrx_word' id='word_1_56' title='bbox 801 521 834 585; x_wconf 72' lang='lat' dir='ltr'>ly</span> <span class='ocrx_word' id='word_1_57' title='bbox 845 519 1054 586; x_wconf 79' lang='lat' dir='ltr'>Tongsiouo</span> <span class='ocrx_word' id='word_1_58' title='bbox 1065 523 1110 569; x_wconf 72' lang='lat'>8&lt;</span> <span class='ocrx_word' id='word_1_59' title='bbox 1121 520 1251 569; x_wconf 86' lang='lat' dir='ltr'>sexies</span> <span class='ocrx_word' id='word_1_60' title='bbox 1259 519 1372 569; x_wconf 89' lang='lat' dir='ltr'>mille</span> <span class='ocrx_word' id='word_1_61' title='bbox 1383 535 1555 569; x_wconf 92' lang='lat' dir='ltr'>centum</span> <span class='ocrx_word' id='word_1_62' title='bbox 1567 524 1612 569; x_wconf 67' lang='lat'>8&lt;</span> <span class='ocrx_word' id='word_1_63' title='bbox 1622 522 1773 587; x_wconf 85' lang='lat' dir='ltr'>viginti</span> <span class='ocrx_word' id='word_1_64' title='bbox 1786 523 1979 588; x_wconf 92' lang='lat' dir='ltr'>quinque</span> 
     </span>
     <span class='ocr_line' id='line_1_11' title="bbox 315 589 1076 656; baseline 0 -18"><span class='ocrx_word' id='word_1_65' title='bbox 315 594 498 656; x_wconf 74' lang='lat' dir='ltr'>Kantona</span> <span class='ocrx_word' id='word_1_66' title='bbox 509 592 553 636; x_wconf 91' lang='lat' dir='ltr'>in</span> <span class='ocrx_word' id='word_1_67' title='bbox 568 591 915 656; x_wconf 86' lang='lat' dir='ltr'>Septentrionem</span> <span class='ocrx_word' id='word_1_68' title='bbox 926 589 1076 638; x_wconf 87' lang='lat' dir='ltr'>diffita.</span> 
     </span>
    </p>

    <p class='ocr_par' dir='ltr' id='par_1_4' title="bbox 308 658 1981 1348">
     <span class='ocr_line' id='line_1_12' title="bbox 388 658 1978 737; baseline 0 -30"><span class='ocrx_word' id='word_1_69' title='bbox 388 663 468 707; x_wconf 90' lang='lat' dir='ltr'>Per</span> <span class='ocrx_word' id='word_1_70' title='bbox 478 660 580 707; x_wconf 89' lang='lat' dir='ltr'>duas</span> <span class='ocrx_word' id='word_1_71' title='bbox 588 658 797 706; x_wconf 87' lang='lat' dir='ltr'>altiffimas</span> <span class='ocrx_word' id='word_1_72' title='bbox 805 676 853 706; x_wconf 91' lang='lat' dir='ltr'>ac</span> <span class='ocrx_word' id='word_1_73' title='bbox 864 659 1108 726; x_wconf 86' lang='lat' dir='ltr'>magnificas</span> <span class='ocrx_word' id='word_1_74' title='bbox 1127 658 1278 706; x_wconf 92' lang='lat' dir='ltr'>urbem</span> <span class='ocrx_word' id='word_1_75' title='bbox 1290 659 1591 737; x_wconf 69' lang='lat' dir='ltr'>portasinveffl</span> <span class='ocrx_word' id='word_1_76' title='bbox 1600 696 1613 718; x_wconf 88' lang='lat'>,</span> <span class='ocrx_word' id='word_1_77' title='bbox 1631 659 1748 724; x_wconf 85' lang='lat' dir='ltr'>apud</span> <span class='ocrx_word' id='word_1_78' title='bbox 1763 658 1978 726; x_wconf 85' lang='lat' dir='ltr'>Pagodam</span> 
     </span>
     <span class='ocr_line' id='line_1_13' title="bbox 313 727 1981 796; baseline 0 -20"><span class='ocrx_word' id='word_1_79' title='bbox 313 727 463 796; x_wconf 77' lang='lat' dir='ltr'>insigni</span> <span class='ocrx_word' id='word_1_80' title='bbox 453 727 685 796; x_wconf 82' lang='lat' dir='ltr'>elegantia</span> <span class='ocrx_word' id='word_1_81' title='bbox 697 729 816 793; x_wconf 90' lang='lat' dir='ltr'>equis</span> <span class='ocrx_word' id='word_1_82' title='bbox 826 727 1116 776; x_wconf 89' lang='lat' dir='ltr'>descendimus</span> <span class='ocrx_word' id='word_1_83' title='bbox 1136 727 1347 793; x_wconf 91' lang='lat' dir='ltr'>reliquum</span> <span class='ocrx_word' id='word_1_84' title='bbox 1358 729 1609 776; x_wconf 88' lang='lat' dir='ltr'>comitatum</span> <span class='ocrx_word' id='word_1_85' title='bbox 1633 730 1678 775; x_wconf 86' lang='lat'>&amp;</span> <span class='ocrx_word' id='word_1_86' title='bbox 1698 729 1981 792; x_wconf 90' lang='lat' dir='ltr'>impedimen-</span> 
     </span>
     <span class='ocr_line' id='line_1_14' title="bbox 314 796 1981 863; baseline 0 -17"><span class='ocrx_word' id='word_1_87' title='bbox 314 813 356 846; x_wconf 90' lang='lat' dir='ltr'>ta</span> <span class='ocrx_word' id='word_1_88' title='bbox 368 797 506 846; x_wconf 83' lang='lat' dir='ltr'>nostra</span> <span class='ocrx_word' id='word_1_89' title='bbox 515 797 799 863; x_wconf 62' lang='lat' dir='ltr'>expediantes.</span> <span class='ocrx_word' id='word_1_90' title='bbox 801 798 891 844; x_wconf 91' lang='lat' dir='ltr'>Vix</span> <span class='ocrx_word' id='word_1_91' title='bbox 903 797 1068 862; x_wconf 86' lang='lat' dir='ltr'>ingrefli</span> <span class='ocrx_word' id='word_1_92' title='bbox 1079 798 1249 845; x_wconf 90' lang='lat' dir='ltr'>fuerant</span> <span class='ocrx_word' id='word_1_93' title='bbox 1259 798 1410 863; x_wconf 83' lang='lat' dir='ltr'>Legati</span> <span class='ocrx_word' id='word_1_94' title='bbox 1423 796 1644 863; x_wconf 84' lang='lat' dir='ltr'>templum,</span> <span class='ocrx_word' id='word_1_95' title='bbox 1645 814 1743 845; x_wconf 89' lang='lat' dir='ltr'>cum</span> <span class='ocrx_word' id='word_1_96' title='bbox 1749 797 1981 846; x_wconf 85' lang='lat' dir='ltr'>Eunuchus</span> 
     </span>
     <span class='ocr_line' id='line_1_15' title="bbox 315 861 1979 933; baseline 0.001 -19"><span class='ocrx_word' id='word_1_97' title='bbox 315 870 459 933; x_wconf 75' lang='lat' dir='ltr'><em>M1gn1</em></span> <span class='ocrx_word' id='word_1_98' title='bbox 455 868 608 927; x_wconf 83' lang='lat' dir='ltr'>Chami,</span> <span class='ocrx_word' id='word_1_99' title='bbox 618 865 786 930; x_wconf 79' lang='lat' dir='ltr'>Kapado</span> <span class='ocrx_word' id='word_1_100' title='bbox 797 864 943 925; x_wconf 61' lang='lat' dir='ltr'>diaus,</span> <span class='ocrx_word' id='word_1_101' title='bbox 953 879 1071 913; x_wconf 88' lang='lat' dir='ltr'>extra</span> <span class='ocrx_word' id='word_1_102' title='bbox 1080 864 1293 914; x_wconf 89' lang='lat' dir='ltr'>falconem</span> <span class='ocrx_word' id='word_1_103' title='bbox 1304 865 1502 913; x_wconf 90' lang='lat' dir='ltr'>sustinens</span> <span class='ocrx_word' id='word_1_104' title='bbox 1512 903 1524 925; x_wconf 89' lang='lat'>,</span> <span class='ocrx_word' id='word_1_105' title='bbox 1545 884 1648 914; x_wconf 89' lang='lat' dir='ltr'>mox</span> <span class='ocrx_word' id='word_1_106' title='bbox 1659 867 1733 930; x_wconf 91' lang='lat' dir='ltr'>qui</span> <span class='ocrx_word' id='word_1_107' title='bbox 1745 861 1979 933; x_wconf 85' lang='lat' dir='ltr'>Proregum</span> 
     </span>
     <span class='ocr_line' id='line_1_16' title="bbox 312 934 1981 1002; baseline 0.001 -20"><span class='ocrx_word' id='word_1_108' title='bbox 312 935 623 999; x_wconf 70' lang='lat' dir='ltr'>Kantonenfium</span> <span class='ocrx_word' id='word_1_109' title='bbox 614 954 659 983; x_wconf 93' lang='lat' dir='ltr'>1n</span> <span class='ocrx_word' id='word_1_110' title='bbox 670 934 762 983; x_wconf 86' lang='lat' dir='ltr'>aula</span> <span class='ocrx_word' id='word_1_111' title='bbox 772 952 834 982; x_wconf 90' lang='lat' dir='ltr'>res</span> <span class='ocrx_word' id='word_1_112' title='bbox 845 935 1144 999; x_wconf 83' lang='lat' dir='ltr'>procurabant,</span> <span class='ocrx_word' id='word_1_113' title='bbox 1156 937 1502 1002; x_wconf 78' lang='lat' dir='ltr'>Magnatuinque</span> <span class='ocrx_word' id='word_1_114' title='bbox 1511 935 1729 993; x_wconf 78' lang='lat' dir='ltr'>nonnulli,</span> <span class='ocrx_word' id='word_1_115' title='bbox 1745 935 1826 982; x_wconf 86' lang='lat' dir='ltr'>adv</span> <span class='ocrx_word' id='word_1_116' title='bbox 1818 949 1981 983; x_wconf 87' lang='lat' dir='ltr'>entum</span> 
     </span>
     <span class='ocr_line' id='line_1_17' title="bbox 311 1002 1981 1072; baseline 0.001 -21"><span class='ocrx_word' id='word_1_117' title='bbox 311 1006 360 1051; x_wconf 82' lang='lat' dir='ltr'>iis</span> <span class='ocrx_word' id='word_1_118' title='bbox 372 1023 525 1072; x_wconf 83' lang='lat' dir='ltr'>magna</span> <span class='ocrx_word' id='word_1_119' title='bbox 537 1005 707 1053; x_wconf 52' lang='lat' dir='ltr'>affec‘Rus</span> <span class='ocrx_word' id='word_1_120' title='bbox 726 1002 1020 1052; x_wconf 87' lang='lat' dir='ltr'>testificatione</span> <span class='ocrx_word' id='word_1_121' title='bbox 1038 1003 1233 1072; x_wconf 86' lang='lat' dir='ltr'>gratulati</span> <span class='ocrx_word' id='word_1_122' title='bbox 1253 1004 1437 1052; x_wconf 87' lang='lat' dir='ltr'>fuerunt.</span> <span class='ocrx_word' id='word_1_123' title='bbox 1471 1005 1660 1052; x_wconf 71' lang='lat' dir='ltr'>Refeffls</span> <span class='ocrx_word' id='word_1_124' title='bbox 1675 1003 1774 1051; x_wconf 89' lang='lat' dir='ltr'>cibo</span> <span class='ocrx_word' id='word_1_125' title='bbox 1785 1018 1981 1070; x_wconf 88' lang='lat' dir='ltr'>potuque</span> 
     </span>
     <span class='ocr_line' id='line_1_18' title="bbox 303 1072 1981 1153; baseline 0.001 -32.005"><span class='ocrx_word' id='word_1_126' title='bbox 303 1092 432 1153; x_wconf 86' lang='lat' dir='ltr'>aquae</span> <span class='ocrx_word' id='word_1_127' title='bbox 443 1073 623 1141; x_wconf 84' lang='lat' dir='ltr'>glacialis</span> <span class='ocrx_word' id='word_1_128' title='bbox 632 1072 812 1132; x_wconf 85' lang='lat' dir='ltr'>viribus,</span> <span class='ocrx_word' id='word_1_129' title='bbox 835 1090 933 1120; x_wconf 91' lang='lat' dir='ltr'>cum</span> <span class='ocrx_word' id='word_1_130' title='bbox 947 1073 1494 1140; x_wconf 85' lang='lat' dir='ltr'>Eunuchusimpedimenta</span> <span class='ocrx_word' id='word_1_131' title='bbox 1511 1073 1647 1122; x_wconf 81' lang='lat' dir='ltr'>nostra</span> <span class='ocrx_word' id='word_1_132' title='bbox 1659 1074 1913 1134; x_wconf 70' lang='lat' dir='ltr'>excussisset,</span> <span class='ocrx_word' id='word_1_133' title='bbox 1930 1092 1981 1122; x_wconf 90' lang='lat' dir='ltr'>ac</span> 
     </span>
     <span class='ocr_line' id='line_1_19' title="bbox 303 1140 1980 1213; baseline 0 -23"><span class='ocrx_word' id='word_1_134' title='bbox 303 1140 506 1192; x_wconf 89' lang='lat' dir='ltr'>vehicula</span> <span class='ocrx_word' id='word_1_135' title='bbox 518 1143 805 1201; x_wconf 56' lang='lat' dir='ltr'>numeraffetj</span> <span class='ocrx_word' id='word_1_136' title='bbox 795 1160 839 1189; x_wconf 90' lang='lat' dir='ltr'>m</span> <span class='ocrx_word' id='word_1_137' title='bbox 851 1141 965 1190; x_wconf 87' lang='lat' dir='ltr'>aliud</span> <span class='ocrx_word' id='word_1_138' title='bbox 976 1142 1276 1210; x_wconf 80' lang='lat' dir='ltr'>magnificum,</span> <span class='ocrx_word' id='word_1_139' title='bbox 1289 1143 1403 1190; x_wconf 89' lang='lat' dir='ltr'>haud</span> <span class='ocrx_word' id='word_1_140' title='bbox 1415 1142 1564 1208; x_wconf 92' lang='lat' dir='ltr'>procul</span> <span class='ocrx_word' id='word_1_141' title='bbox 1579 1143 1738 1191; x_wconf 88' lang='lat' dir='ltr'>Palatio</span> <span class='ocrx_word' id='word_1_142' title='bbox 1749 1146 1980 1213; x_wconf 87' lang='lat' dir='ltr'>Imperato-</span> 
     </span>
     <span class='ocr_line' id='line_1_20' title="bbox 309 1205 1981 1279; baseline 0.001 -20"><span class='ocrx_word' id='word_1_143' title='bbox 309 1232 329 1259; x_wconf 89' lang='lat'><em>1</em></span> <span class='ocrx_word' id='word_1_144' title='bbox 332 1215 390 1273; x_wconf 85' lang='lat' dir='ltr'>io,</span> <span class='ocrx_word' id='word_1_145' title='bbox 401 1212 630 1278; x_wconf 88' lang='lat' dir='ltr'>hospitium</span> <span class='ocrx_word' id='word_1_146' title='bbox 641 1229 765 1260; x_wconf 92' lang='lat' dir='ltr'>muro</span> <span class='ocrx_word' id='word_1_147' title='bbox 777 1210 863 1259; x_wconf 91' lang='lat' dir='ltr'>alto</span> <span class='ocrx_word' id='word_1_148' title='bbox 872 1211 1058 1259; x_wconf 55' lang='lat' dir='ltr'>effigium</span> <span class='ocrx_word' id='word_1_149' title='bbox 1067 1211 1309 1278; x_wconf 82' lang='lat' dir='ltr'>,tribusque</span> <span class='ocrx_word' id='word_1_150' title='bbox 1317 1214 1477 1279; x_wconf 88' lang='lat' dir='ltr'>magnis</span> <span class='ocrx_word' id='word_1_151' title='bbox 1486 1214 1618 1279; x_wconf 86' lang='lat' dir='ltr'>portis</span> <span class='ocrx_word' id='word_1_152' title='bbox 1629 1211 1815 1278; x_wconf 88' lang='lat' dir='ltr'>areisque</span> <span class='ocrx_word' id='word_1_153' title='bbox 1824 1205 1981 1278; x_wconf 64' lang='lat' dir='ltr'>spesta-</span> 
     </span>
     <span class='ocr_line' id='line_1_21' title="bbox 308 1280 1148 1348; baseline -0.002 -18"><span class='ocrx_word' id='word_1_154' title='bbox 308 1283 409 1340; x_wconf 92' lang='lat' dir='ltr'>bili,</span> <span class='ocrx_word' id='word_1_155' title='bbox 435 1281 611 1329; x_wconf 87' lang='lat' dir='ltr'>solemni</span> <span class='ocrx_word' id='word_1_156' title='bbox 623 1299 786 1348; x_wconf 90' lang='lat' dir='ltr'>pompa</span> <span class='ocrx_word' id='word_1_157' title='bbox 798 1280 969 1329; x_wconf 68' lang='lat' dir='ltr'>deduffi</span> <span class='ocrx_word' id='word_1_158' title='bbox 983 1280 1148 1329; x_wconf 89' lang='lat' dir='ltr'>sumus.-</span> 
     </span>
    </p>

    <p class='ocr_par' dir='ltr' id='par_1_5' title="bbox 308 1347 1983 1896">
     <span class='ocr_line' id='line_1_22' title="bbox 378 1347 1982 1419; baseline 0 -20"><span class='ocrx_word' id='word_1_159' title='bbox 378 1351 558 1419; x_wconf 87' lang='lat' dir='ltr'>Legati</span> <span class='ocrx_word' id='word_1_160' title='bbox 543 1368 632 1414; x_wconf 71' lang='lat' dir='ltr'>jam</span> <span class='ocrx_word' id='word_1_161' title='bbox 651 1350 824 1399; x_wconf 87' lang='lat' dir='ltr'>tandem</span> <span class='ocrx_word' id='word_1_162' title='bbox 836 1348 1027 1398; x_wconf 85' lang='lat' dir='ltr'>stabilem</span> <span class='ocrx_word' id='word_1_163' title='bbox 1038 1350 1162 1409; x_wconf 71' lang='lat' dir='ltr'>naffl,</span> <span class='ocrx_word' id='word_1_164' title='bbox 1171 1349 1449 1418; x_wconf 89' lang='lat' dir='ltr'>securumque</span> <span class='ocrx_word' id='word_1_165' title='bbox 1457 1351 1600 1400; x_wconf 90' lang='lat' dir='ltr'>locum</span> <span class='ocrx_word' id='word_1_166' title='bbox 1613 1389 1625 1411; x_wconf 87' lang='lat'>,</span> <span class='ocrx_word' id='word_1_167' title='bbox 1642 1367 1817 1399; x_wconf 90' lang='lat' dir='ltr'>munera</span> <span class='ocrx_word' id='word_1_168' title='bbox 1838 1347 1880 1414; x_wconf 70' lang='lat' dir='ltr'>s</span> <span class='ocrx_word' id='word_1_169' title='bbox 1877 1352 1982 1400; x_wconf 81' lang='lat' dir='ltr'>hamo</span> 
     </span>
     <span class='ocr_line' id='line_1_23' title="bbox 308 1418 1983 1487; baseline 0 -18"><span class='ocrx_word' id='word_1_170' title='bbox 308 1420 735 1486; x_wconf 85' lang='lat' dir='ltr'>destinata,suamque</span> <span class='ocrx_word' id='word_1_171' title='bbox 745 1436 920 1468; x_wconf 91' lang='lat' dir='ltr'>omnem</span> <span class='ocrx_word' id='word_1_172' title='bbox 929 1418 1259 1485; x_wconf 70' lang='lat' dir='ltr'>suppelleffilem</span> <span class='ocrx_word' id='word_1_173' title='bbox 1270 1421 1527 1487; x_wconf 84' lang='lat' dir='ltr'>explicantes</span> <span class='ocrx_word' id='word_1_174' title='bbox 1538 1458 1551 1481; x_wconf 81' lang='lat'>,</span> <span class='ocrx_word' id='word_1_175' title='bbox 1565 1420 1672 1469; x_wconf 88' lang='lat' dir='ltr'>nihil</span> <span class='ocrx_word' id='word_1_176' title='bbox 1690 1419 1880 1468; x_wconf 84' lang='lat' dir='ltr'>amissum</span> <span class='ocrx_word' id='word_1_177' title='bbox 1891 1439 1983 1469; x_wconf 88' lang='lat' dir='ltr'>cor-</span> 
     </span>
     <span class='ocr_line' id='line_1_24' title="bbox 309 1488 1981 1557; baseline 0 -19"><span class='ocrx_word' id='word_1_178' title='bbox 309 1488 1096 1556; x_wconf 86' lang='lat' dir='ltr'>ruptumque,omniasalva&amp;integra</span> <span class='ocrx_word' id='word_1_179' title='bbox 1108 1504 1418 1555; x_wconf 90' lang='lat' dir='ltr'>compererunt.</span> <span class='ocrx_word' id='word_1_180' title='bbox 1456 1492 1572 1538; x_wconf 91' lang='lat' dir='ltr'>Hinc</span> <span class='ocrx_word' id='word_1_181' title='bbox 1594 1492 1734 1557; x_wconf 85' lang='lat' dir='ltr'>gratiis</span> <span class='ocrx_word' id='word_1_182' title='bbox 1754 1492 1804 1537; x_wconf 92' lang='lat' dir='ltr'>D</span> <span class='ocrx_word' id='word_1_183' title='bbox 1817 1507 1880 1536; x_wconf 67' lang='lat' dir='ltr'>no</span> <span class='ocrx_word' id='word_1_184' title='bbox 1900 1507 1981 1554; x_wconf 90' lang='lat' dir='ltr'>pro</span> 
     </span>
     <span class='ocr_line' id='line_1_25' title="bbox 309 1557 1981 1626; baseline -0.001 -18"><span class='ocrx_word' id='word_1_185' title='bbox 309 1561 416 1608; x_wconf 91' lang='lat' dir='ltr'>tanti</span> <span class='ocrx_word' id='word_1_186' title='bbox 429 1557 890 1607; x_wconf 85' lang='lat' dir='ltr'>itinerisincolumitate</span> <span class='ocrx_word' id='word_1_187' title='bbox 909 1558 1029 1617; x_wconf 71' lang='lat' dir='ltr'>affis,</span> <span class='ocrx_word' id='word_1_188' title='bbox 1047 1572 1095 1608; x_wconf 88' lang='lat' dir='ltr'>ut</span> <span class='ocrx_word' id='word_1_189' title='bbox 1111 1576 1242 1625; x_wconf 89' lang='lat' dir='ltr'>porro</span> <span class='ocrx_word' id='word_1_190' title='bbox 1259 1558 1492 1608; x_wconf 88' lang='lat' dir='ltr'>clementer</span> <span class='ocrx_word' id='word_1_191' title='bbox 1511 1559 1681 1608; x_wconf 80' lang='lat' dir='ltr'>consilia</span> <span class='ocrx_word' id='word_1_192' title='bbox 1696 1572 1784 1607; x_wconf 91' lang='lat' dir='ltr'>tam</span> <span class='ocrx_word' id='word_1_193' title='bbox 1798 1558 1981 1626; x_wconf 69' lang='lat' dir='ltr'>gloriosa</span> 
     </span>
     <span class='ocr_line' id='line_1_26' title="bbox 309 1627 1978 1696; baseline -0.001 -18"><span class='ocrx_word' id='word_1_194' title='bbox 309 1632 355 1678; x_wconf 73' lang='lat'>8&lt;</span> <span class='ocrx_word' id='word_1_195' title='bbox 368 1627 632 1694; x_wconf 84' lang='lat' dir='ltr'>Reipublicae</span> <span class='ocrx_word' id='word_1_196' title='bbox 643 1627 834 1693; x_wconf 88' lang='lat' dir='ltr'>proficua</span> <span class='ocrx_word' id='word_1_197' title='bbox 844 1627 1068 1696; x_wconf 87' lang='lat' dir='ltr'>dirigeret,</span> <span class='ocrx_word' id='word_1_198' title='bbox 1091 1627 1460 1694; x_wconf 86' lang='lat' dir='ltr'>prosperaretque,</span> <span class='ocrx_word' id='word_1_199' title='bbox 1483 1628 1670 1693; x_wconf 88' lang='lat' dir='ltr'>impense</span> <span class='ocrx_word' id='word_1_200' title='bbox 1687 1627 1978 1694; x_wconf 86' lang='lat' dir='ltr'>precabantur.</span> 
     </span>
     <span class='ocr_line' id='line_1_27' title="bbox 308 1696 1978 1764; baseline -0.002 -17"><span class='ocrx_word' id='word_1_201' title='bbox 308 1698 485 1764; x_wconf 89' lang='lat' dir='ltr'>Vesperi</span> <span class='ocrx_word' id='word_1_202' title='bbox 507 1697 598 1744; x_wconf 92' lang='lat' dir='ltr'>duo</span> <span class='ocrx_word' id='word_1_203' title='bbox 619 1698 826 1745; x_wconf 87' lang='lat' dir='ltr'>Tartarici</span> <span class='ocrx_word' id='word_1_204' title='bbox 847 1698 995 1744; x_wconf 88' lang='lat' dir='ltr'>Duces</span> <span class='ocrx_word' id='word_1_205' title='bbox 1013 1697 1245 1746; x_wconf 89' lang='lat' dir='ltr'>duodecim</span> <span class='ocrx_word' id='word_1_206' title='bbox 1272 1696 1410 1763; x_wconf 83' lang='lat' dir='ltr'>stipati</span> <span class='ocrx_word' id='word_1_207' title='bbox 1430 1697 1630 1746; x_wconf 88' lang='lat' dir='ltr'>militibus</span> <span class='ocrx_word' id='word_1_208' title='bbox 1654 1711 1795 1763; x_wconf 87' lang='lat' dir='ltr'>portas</span> <span class='ocrx_word' id='word_1_209' title='bbox 1821 1696 1978 1757; x_wconf 87' lang='lat' dir='ltr'>Palatii,</span> 
     </span>
     <span class='ocr_line' id='line_1_28' title="bbox 308 1765 1981 1833; baseline 0 -19"><span class='ocrx_word' id='word_1_210' title='bbox 308 1783 456 1815; x_wconf 86' lang='lat' dir='ltr'>contra</span> <span class='ocrx_word' id='word_1_211' title='bbox 470 1768 557 1814; x_wconf 85' lang='lat' dir='ltr'>vim</span> <span class='ocrx_word' id='word_1_212' title='bbox 566 1781 801 1826; x_wconf 84' lang='lat' dir='ltr'>externam,</span> <span class='ocrx_word' id='word_1_213' title='bbox 813 1769 859 1814; x_wconf 89' lang='lat'>&amp;</span> <span class='ocrx_word' id='word_1_214' title='bbox 874 1779 922 1814; x_wconf 92' lang='lat' dir='ltr'>ut</span> <span class='ocrx_word' id='word_1_215' title='bbox 934 1768 1079 1814; x_wconf 88' lang='lat' dir='ltr'>omnia</span> <span class='ocrx_word' id='word_1_216' title='bbox 1093 1785 1149 1815; x_wconf 87' lang='lat' dir='ltr'>ex</span> <span class='ocrx_word' id='word_1_217' title='bbox 1161 1778 1267 1815; x_wconf 89' lang='lat' dir='ltr'>voto</span> <span class='ocrx_word' id='word_1_218' title='bbox 1279 1768 1324 1815; x_wconf 75' lang='lat'>8&lt;</span> <span class='ocrx_word' id='word_1_219' title='bbox 1335 1765 1557 1816; x_wconf 90' lang='lat' dir='ltr'>voluntate</span> <span class='ocrx_word' id='word_1_220' title='bbox 1567 1768 1836 1833; x_wconf 88' lang='lat' dir='ltr'>Imperatoris</span> <span class='ocrx_word' id='word_1_221' title='bbox 1844 1768 1981 1816; x_wconf 89' lang='lat' dir='ltr'>admi-</span> 
     </span>
     <span class='ocr_line' id='line_1_29' title="bbox 309 1834 874 1896; baseline -0.002 -12"><span class='ocrx_word' id='word_1_222' title='bbox 309 1837 592 1896; x_wconf 80' lang='lat' dir='ltr'>nistrarentur,</span> <span class='ocrx_word' id='word_1_223' title='bbox 603 1834 874 1884; x_wconf 88' lang='lat' dir='ltr'>obsederunt.</span> 
     </span>
    </p>

    <p class='ocr_par' dir='ltr' id='par_1_6' title="bbox 305 1900 1980 3145">
     <span class='ocr_line' id='line_1_30' title="bbox 378 1900 1979 1971; baseline -0.001 -19"><span class='ocrx_word' id='word_1_224' title='bbox 378 1909 559 1952; x_wconf 89' lang='lat' dir='ltr'>Summo</span> <span class='ocrx_word' id='word_1_225' title='bbox 570 1923 695 1953; x_wconf 89' lang='lat' dir='ltr'>mane</span> <span class='ocrx_word' id='word_1_226' title='bbox 707 1905 986 1953; x_wconf 86' lang='lat' dir='ltr'>Mandarinus</span> <span class='ocrx_word' id='word_1_227' title='bbox 995 1906 1420 1971; x_wconf 68' lang='lat' dir='ltr'>Pinxentous‚duoque</span> <span class='ocrx_word' id='word_1_228' title='bbox 1432 1904 1500 1952; x_wconf 87' lang='lat' dir='ltr'>alii</span> <span class='ocrx_word' id='word_1_229' title='bbox 1514 1904 1700 1953; x_wconf 72' lang='lat' dir='ltr'>Praefeffl</span> <span class='ocrx_word' id='word_1_230' title='bbox 1709 1900 1979 1968; x_wconf 76' lang='lat' dir='ltr'>Kantonenses,</span> 
     </span>
     <span class='ocr_line' id='line_1_31' title="bbox 307 1972 1979 2039; baseline 0 -19"><span class='ocrx_word' id='word_1_231' title='bbox 307 1973 437 2038; x_wconf 88' lang='lat' dir='ltr'>paulo</span> <span class='ocrx_word' id='word_1_232' title='bbox 459 1973 552 2038; x_wconf 87' lang='lat' dir='ltr'>post</span> <span class='ocrx_word' id='word_1_233' title='bbox 573 1972 769 2021; x_wconf 90' lang='lat' dir='ltr'>nonnulli</span> <span class='ocrx_word' id='word_1_234' title='bbox 790 1976 1013 2021; x_wconf 90' lang='lat' dir='ltr'>Senatores</span> <span class='ocrx_word' id='word_1_235' title='bbox 1023 1976 1197 2039; x_wconf 90' lang='lat' dir='ltr'>Imperii</span> <span class='ocrx_word' id='word_1_236' title='bbox 1212 2012 1225 2035; x_wconf 89' lang='lat'>,</span> <span class='ocrx_word' id='word_1_237' title='bbox 1252 1991 1491 2038; x_wconf 88' lang='lat' dir='ltr'>eorumque</span> <span class='ocrx_word' id='word_1_238' title='bbox 1514 1974 1709 2039; x_wconf 90' lang='lat' dir='ltr'>princeps</span> <span class='ocrx_word' id='word_1_239' title='bbox 1727 1975 1979 2020; x_wconf 88' lang='lat' dir='ltr'>Secretarius</span> 
     </span>
     <span class='ocr_line' id='line_1_32' title="bbox 307 2041 1977 2108; baseline -0.002 -19"><span class='ocrx_word' id='word_1_240' title='bbox 307 2041 542 2107; x_wconf 77' lang='lat' dir='ltr'>Thonglouja</span> <span class='ocrx_word' id='word_1_241' title='bbox 564 2045 705 2096; x_wconf 87' lang='lat' dir='ltr'>Sinas,</span> <span class='ocrx_word' id='word_1_242' title='bbox 723 2044 948 2089; x_wconf 90' lang='lat' dir='ltr'>comitatus</span> <span class='ocrx_word' id='word_1_243' title='bbox 969 2044 1231 2090; x_wconf 85' lang='lat' dir='ltr'>Mandarinis</span> <span class='ocrx_word' id='word_1_244' title='bbox 1252 2045 1438 2091; x_wconf 87' lang='lat' dir='ltr'>Tartaris</span> <span class='ocrx_word' id='word_1_245' title='bbox 1464 2044 1669 2108; x_wconf 72' lang='lat' dir='ltr'>leouja</span> <span class='ocrx_word' id='word_1_246' title='bbox 1690 2044 1735 2090; x_wconf 91' lang='lat'>&amp;</span> <span class='ocrx_word' id='word_1_247' title='bbox 1761 2043 1977 2106; x_wconf 81' lang='lat' dir='ltr'>Hoolouja,</span> 
     </span>
     <span class='ocr_line' id='line_1_33' title="bbox 305 2110 1978 2178; baseline -0.001 -18"><span class='ocrx_word' id='word_1_248' title='bbox 305 2114 380 2178; x_wconf 87' lang='lat' dir='ltr'>qui</span> <span class='ocrx_word' id='word_1_249' title='bbox 393 2115 438 2160; x_wconf 88' lang='lat'>&amp;</span> <span class='ocrx_word' id='word_1_250' title='bbox 452 2110 527 2178; x_wconf 82' lang='lat' dir='ltr'>ipsi</span> <span class='ocrx_word' id='word_1_251' title='bbox 539 2129 685 2159; x_wconf 88' lang='lat' dir='ltr'>arcana</span> <span class='ocrx_word' id='word_1_252' title='bbox 696 2112 884 2166; x_wconf 86' lang='lat' dir='ltr'>Senatus,</span> <span class='ocrx_word' id='word_1_253' title='bbox 894 2128 1142 2176; x_wconf 88' lang='lat' dir='ltr'>quanquam</span> <span class='ocrx_word' id='word_1_254' title='bbox 1152 2113 1300 2160; x_wconf 89' lang='lat' dir='ltr'>Sinicae</span> <span class='ocrx_word' id='word_1_255' title='bbox 1314 2111 1468 2178; x_wconf 84' lang='lat' dir='ltr'>linguae</span> <span class='ocrx_word' id='word_1_256' title='bbox 1481 2129 1644 2177; x_wconf 79' lang='lat' dir='ltr'>experS,</span> <span class='ocrx_word' id='word_1_257' title='bbox 1656 2110 1866 2160; x_wconf 54' lang='lat' dir='ltr'>tractabat.</span> <span class='ocrx_word' id='word_1_258' title='bbox 1905 2113 1978 2159; x_wconf 85' lang='lat' dir='ltr'>Sa-</span> 
     </span>
     <span class='ocr_line' id='line_1_34' title="bbox 305 2175 1980 2247; baseline -0.001 -18"><span class='ocrx_word' id='word_1_259' title='bbox 305 2175 396 2229; x_wconf 89' lang='lat' dir='ltr'>lute</span> <span class='ocrx_word' id='word_1_260' title='bbox 411 2195 557 2229; x_wconf 89' lang='lat' dir='ltr'>mutua</span> <span class='ocrx_word' id='word_1_261' title='bbox 571 2181 667 2229; x_wconf 89' lang='lat' dir='ltr'>data</span> <span class='ocrx_word' id='word_1_262' title='bbox 687 2202 701 2239; x_wconf 71' lang='grc'><strong><em>5</em></strong></span> <span class='ocrx_word' id='word_1_263' title='bbox 739 2179 930 2244; x_wconf 73' lang='lat' dir='ltr'>Mtffisse</span> <span class='ocrx_word' id='word_1_264' title='bbox 950 2179 974 2226; x_wconf 69' lang='grc' dir='ltr'>ι)</span> <span class='ocrx_word' id='word_1_265' title='bbox 991 2182 1162 2247; x_wconf 85' lang='lat' dir='ltr'>Magno</span> <span class='ocrx_word' id='word_1_266' title='bbox 1174 2181 1347 2228; x_wconf 88' lang='lat' dir='ltr'>Chamo</span> <span class='ocrx_word' id='word_1_267' title='bbox 1368 2183 1558 2228; x_wconf 74' lang='lat' dir='ltr'>&amp;Senatu</span> <span class='ocrx_word' id='word_1_268' title='bbox 1570 2182 1714 2244; x_wconf 73' lang='lat' dir='ltr'>Imperii</span> <span class='ocrx_word' id='word_1_269' title='bbox 1727 2217 1740 2239; x_wconf 85' lang='lat'>,</span> <span class='ocrx_word' id='word_1_270' title='bbox 1762 2179 1980 2236; x_wconf 83' lang='lat' dir='ltr'>dicebant,</span> 
     </span>
     <span class='ocr_line' id='line_1_35' title="bbox 309 2247 1979 2316; baseline -0.002 -19"><span class='ocrx_word' id='word_1_271' title='bbox 309 2252 370 2316; x_wconf 82' lang='lat' dir='ltr'>qui</span> <span class='ocrx_word' id='word_1_272' title='bbox 391 2254 434 2298; x_wconf 64' lang='lat'>{⁴5</span> <span class='ocrx_word' id='word_1_273' title='bbox 455 2249 657 2298; x_wconf 75' lang='lat' dir='ltr'>adventum</span> <span class='ocrx_word' id='word_1_274' title='bbox 676 2252 834 2314; x_wconf 70' lang='lat' dir='ltr'>Legatis</span> <span class='ocrx_word' id='word_1_275' title='bbox 846 2250 1126 2315; x_wconf 80' lang='lat' dir='ltr'>gratularentur</span> <span class='ocrx_word' id='word_1_276' title='bbox 1146 2285 1160 2308; x_wconf 84' lang='lat'>,</span> <span class='ocrx_word' id='word_1_277' title='bbox 1190 2254 1233 2298; x_wconf 62' lang='grc' dir='ltr'>ἰῇ·</span> <span class='ocrx_word' id='word_1_278' title='bbox 1254 2250 1299 2296; x_wconf 83' lang='lat' dir='ltr'>de</span> <span class='ocrx_word' id='word_1_279' title='bbox 1319 2250 1527 2298; x_wconf 66' lang='lat' dir='ltr'>valetudine</span> <span class='ocrx_word' id='word_1_280' title='bbox 1544 2247 1912 2313; x_wconf 76' lang='lat' dir='ltr'>ill01·mn,caeterisque</span> <span class='ocrx_word' id='word_1_281' title='bbox 1926 2248 1979 2295; x_wconf 85' lang='lat' dir='ltr'>ad</span> 
     </span>
     <span class='ocr_line' id='line_1_36' title="bbox 312 2317 1979 2385; baseline -0.002 -18"><span class='ocrx_word' id='word_1_282' title='bbox 312 2319 804 2385; x_wconf 59' lang='lat' dir='ltr'>Legationemspeffantihus</span> <span class='ocrx_word' id='word_1_283' title='bbox 816 2353 830 2377; x_wconf 85' lang='lat'>,</span> <span class='ocrx_word' id='word_1_284' title='bbox 849 2336 920 2384; x_wconf 84' lang='lat' dir='ltr'>quo</span> <span class='ocrx_word' id='word_1_285' title='bbox 938 2336 1107 2378; x_wconf 81' lang='lat' dir='ltr'>numero,</span> <span class='ocrx_word' id='word_1_286' title='bbox 1126 2317 1149 2365; x_wconf 64' lang='grc' dir='ltr'><em>ἃ</em></span> <span class='ocrx_word' id='word_1_287' title='bbox 1168 2319 1304 2385; x_wconf 81' lang='lat' dir='ltr'>quibus,</span> <span class='ocrx_word' id='word_1_288' title='bbox 1317 2318 1478 2378; x_wconf 81' lang='lat' dir='ltr'>tmde,1n</span> <span class='ocrx_word' id='word_1_289' title='bbox 1494 2337 1598 2383; x_wconf 78' lang='lat' dir='ltr'>quem</span> <span class='ocrx_word' id='word_1_290' title='bbox 1597 2318 1716 2382; x_wconf 78' lang='lat' dir='ltr'>finem</span> <span class='ocrx_word' id='word_1_291' title='bbox 1731 2318 1882 2383; x_wconf 72' lang='lat' dir='ltr'><em>nuffi&amp;</em></span> <span class='ocrx_word' id='word_1_292' title='bbox 1898 2335 1979 2383; x_wconf 80' lang='lat' dir='ltr'>quae</span> 
     </span>
     <span class='ocr_line' id='line_1_37' title="bbox 312 2386 1978 2454; baseline -0.001 -20"><span class='ocrx_word' id='word_1_293' title='bbox 312 2386 490 2454; x_wconf 82' lang='lat' dir='ltr'>afferrent</span> <span class='ocrx_word' id='word_1_294' title='bbox 511 2406 658 2435; x_wconf 80' lang='lat' dir='ltr'>munera</span> <span class='ocrx_word' id='word_1_295' title='bbox 677 2421 692 2442; x_wconf 87' lang='lat'>,</span> <span class='ocrx_word' id='word_1_296' title='bbox 709 2406 826 2453; x_wconf 80' lang='lat' dir='ltr'>mqun</span> <span class='ocrx_word' id='word_1_297' title='bbox 827 2402 939 2435; x_wconf 85' lang='lat' dir='ltr'>erent</span> <span class='ocrx_word' id='word_1_298' title='bbox 974 2387 1049 2435; x_wconf 85' lang='lat' dir='ltr'>Ad</span> <span class='ocrx_word' id='word_1_299' title='bbox 1066 2405 1159 2453; x_wconf 88' lang='lat' dir='ltr'>quae</span> <span class='ocrx_word' id='word_1_300' title='bbox 1179 2387 1377 2454; x_wconf 89' lang='lat' dir='ltr'>responso</span> <span class='ocrx_word' id='word_1_301' title='bbox 1398 2401 1600 2453; x_wconf 80' lang='lat' dir='ltr'>accepte,</span> <span class='ocrx_word' id='word_1_302' title='bbox 1623 2388 1872 2434; x_wconf 83' lang='lat' dir='ltr'>comitatum</span> <span class='ocrx_word' id='word_1_303' title='bbox 1894 2389 1978 2434; x_wconf 90' lang='lat' dir='ltr'>Le-</span> 
     </span>
     <span class='ocr_line' id='line_1_38' title="bbox 313 2454 1980 2535; baseline -0.001 -31"><span class='ocrx_word' id='word_1_304' title='bbox 313 2471 508 2523; x_wconf 83' lang='lat' dir='ltr'>gatorum</span> <span class='ocrx_word' id='word_1_305' title='bbox 520 2455 726 2522; x_wconf 83' lang='lat' dir='ltr'>(eramus</span> <span class='ocrx_word' id='word_1_306' title='bbox 717 2474 762 2505; x_wconf 90' lang='lat' dir='ltr'>m</span> <span class='ocrx_word' id='word_1_307' title='bbox 772 2455 1012 2504; x_wconf 88' lang='lat' dir='ltr'>universum</span> <span class='ocrx_word' id='word_1_308' title='bbox 1008 2470 1207 2535; x_wconf 87' lang='lat' dir='ltr'>quatuor</span> <span class='ocrx_word' id='word_1_309' title='bbox 1218 2459 1263 2506; x_wconf 90' lang='lat'>&amp;</span> <span class='ocrx_word' id='word_1_310' title='bbox 1272 2455 1447 2523; x_wconf 83' lang='lat' dir='ltr'>viginti)</span> <span class='ocrx_word' id='word_1_311' title='bbox 1458 2454 1774 2510; x_wconf 86' lang='lat' dir='ltr'>recensuerunt,</span> <span class='ocrx_word' id='word_1_312' title='bbox 1794 2454 1980 2522; x_wconf 84' lang='lat' dir='ltr'>singulos</span> 
     </span>
     <span class='ocr_line' id='line_1_39' title="bbox 309 2523 1974 2594; baseline -0.001 -21"><span class='ocrx_word' id='word_1_313' title='bbox 309 2528 487 2574; x_wconf 87' lang='lat' dir='ltr'>nomine</span> <span class='ocrx_word' id='word_1_314' title='bbox 497 2539 754 2574; x_wconf 86' lang='lat' dir='ltr'>evocantes:</span> <span class='ocrx_word' id='word_1_315' title='bbox 775 2526 913 2573; x_wconf 87' lang='lat' dir='ltr'>caeteri</span> <span class='ocrx_word' id='word_1_316' title='bbox 924 2560 937 2583; x_wconf 84' lang='lat'>,</span> <span class='ocrx_word' id='word_1_317' title='bbox 947 2527 1020 2590; x_wconf 92' lang='lat' dir='ltr'>qui</span> <span class='ocrx_word' id='word_1_318' title='bbox 1032 2527 1074 2572; x_wconf 90' lang='lat' dir='ltr'>in</span> <span class='ocrx_word' id='word_1_319' title='bbox 1085 2525 1283 2594; x_wconf 87' lang='lat' dir='ltr'>catalogo</span> <span class='ocrx_word' id='word_1_320' title='bbox 1294 2543 1382 2573; x_wconf 91' lang='lat' dir='ltr'>non</span> <span class='ocrx_word' id='word_1_321' title='bbox 1391 2524 1616 2584; x_wconf 86' lang='lat' dir='ltr'>extabant,</span> <span class='ocrx_word' id='word_1_322' title='bbox 1635 2523 1858 2572; x_wconf 88' lang='lat' dir='ltr'>abscedere</span> <span class='ocrx_word' id='word_1_323' title='bbox 1866 2525 1974 2589; x_wconf 81' lang='lat' dir='ltr'>justi.</span> 
     </span>
     <span class='ocr_line' id='line_1_40' title="bbox 311 2560 1978 2673; baseline 0 -31"><span class='ocrx_word' id='word_1_324' title='bbox 311 2595 420 2643; x_wconf 91' lang='lat' dir='ltr'>Inde</span> <span class='ocrx_word' id='word_1_325' title='bbox 443 2613 619 2643; x_wconf 89' lang='lat' dir='ltr'>munera</span> <span class='ocrx_word' id='word_1_326' title='bbox 638 2592 770 2656; x_wconf 73' lang='lat' dir='ltr'>juxta</span> <span class='ocrx_word' id='word_1_327' title='bbox 759 2593 1094 2659; x_wconf 87' lang='lat' dir='ltr'>discriptionem</span> <span class='ocrx_word' id='word_1_328' title='bbox 1117 2594 1302 2657; x_wconf 81' lang='lat' dir='ltr'>Kantona</span> <span class='ocrx_word' id='word_1_329' title='bbox 1321 2609 1560 2673; x_wconf 75' lang='lat' dir='ltr'>acceptam,</span> <span class='ocrx_word' id='word_1_330' title='bbox 1576 2560 1736 2639; x_wconf 76' lang='lat' dir='ltr'>ciiriose</span> <span class='ocrx_word' id='word_1_331' title='bbox 1757 2593 1978 2659; x_wconf 90' lang='lat' dir='ltr'>inspicien-</span> 
     </span>
     <span class='ocr_line' id='line_1_41' title="bbox 311 2661 1978 2732; baseline 0 -22"><span class='ocrx_word' id='word_1_332' title='bbox 311 2678 396 2724; x_wconf 89' lang='lat' dir='ltr'>tes,</span> <span class='ocrx_word' id='word_1_333' title='bbox 415 2663 574 2732; x_wconf 83' lang='lat' dir='ltr'>singula</span> <span class='ocrx_word' id='word_1_334' title='bbox 596 2681 689 2729; x_wconf 93' lang='lat' dir='ltr'>quo</span> <span class='ocrx_word' id='word_1_335' title='bbox 709 2662 809 2710; x_wconf 92' lang='lat' dir='ltr'>loco</span> <span class='ocrx_word' id='word_1_336' title='bbox 832 2665 878 2711; x_wconf 87' lang='lat'>&amp;</span> <span class='ocrx_word' id='word_1_337' title='bbox 901 2665 1128 2728; x_wconf 91' lang='lat' dir='ltr'>quomodo</span> <span class='ocrx_word' id='word_1_338' title='bbox 1139 2663 1353 2724; x_wconf 59' lang='lat' dir='ltr'>confesta,</span> <span class='ocrx_word' id='word_1_339' title='bbox 1370 2666 1438 2711; x_wconf 93' lang='lat' dir='ltr'>cui</span> <span class='ocrx_word' id='word_1_340' title='bbox 1455 2661 1697 2711; x_wconf 88' lang='lat' dir='ltr'>inservirent</span> <span class='ocrx_word' id='word_1_341' title='bbox 1708 2661 1819 2722; x_wconf 91' lang='lat' dir='ltr'>usui,</span> <span class='ocrx_word' id='word_1_342' title='bbox 1841 2662 1978 2710; x_wconf 88' lang='lat' dir='ltr'>versus</span> 
     </span>
     <span class='ocr_line' id='line_1_42' title="bbox 307 2729 1976 2810; baseline 0 -31"><span class='ocrx_word' id='word_1_343' title='bbox 307 2749 436 2810; x_wconf 79' lang='lat' dir='ltr'>quam</span> <span class='ocrx_word' id='word_1_344' title='bbox 447 2734 596 2781; x_wconf 91' lang='lat' dir='ltr'>mundi</span> <span class='ocrx_word' id='word_1_345' title='bbox 609 2731 776 2799; x_wconf 89' lang='lat' dir='ltr'>plagam</span> <span class='ocrx_word' id='word_1_346' title='bbox 785 2732 1092 2800; x_wconf 85' lang='lat' dir='ltr'>Regiones,ubi</span> <span class='ocrx_word' id='word_1_347' title='bbox 1100 2732 1197 2781; x_wconf 91' lang='lat' dir='ltr'>talia</span> <span class='ocrx_word' id='word_1_348' title='bbox 1206 2729 1642 2799; x_wconf 84' lang='lat' dir='ltr'>provenirent,sitae,&amp;</span> <span class='ocrx_word' id='word_1_349' title='bbox 1655 2746 1762 2796; x_wconf 91' lang='lat' dir='ltr'>quot</span> <span class='ocrx_word' id='word_1_350' title='bbox 1771 2731 1976 2781; x_wconf 85' lang='lat' dir='ltr'>mensium</span> 
     </span>
     <span class='ocr_line' id='line_1_43' title="bbox 310 2800 1977 2869; baseline 0.001 -23"><span class='ocrx_word' id='word_1_351' title='bbox 310 2801 458 2849; x_wconf 90' lang='lat' dir='ltr'>itinere</span> <span class='ocrx_word' id='word_1_352' title='bbox 468 2817 554 2849; x_wconf 90' lang='lat' dir='ltr'>tam</span> <span class='ocrx_word' id='word_1_353' title='bbox 566 2802 621 2849; x_wconf 90' lang='lat' dir='ltr'>ab</span> <span class='ocrx_word' id='word_1_354' title='bbox 630 2800 883 2860; x_wconf 86' lang='lat' dir='ltr'>Hollandia,</span> <span class='ocrx_word' id='word_1_355' title='bbox 902 2819 1030 2866; x_wconf 88' lang='lat' dir='ltr'>quam</span> <span class='ocrx_word' id='word_1_356' title='bbox 1048 2803 1212 2869; x_wconf 76' lang='lat' dir='ltr'>Pekinga</span> <span class='ocrx_word' id='word_1_357' title='bbox 1223 2802 1431 2850; x_wconf 87' lang='lat' dir='ltr'>distarent.</span> <span class='ocrx_word' id='word_1_358' title='bbox 1466 2802 1670 2865; x_wconf 85' lang='lat' dir='ltr'>Cumque</span> <span class='ocrx_word' id='word_1_359' title='bbox 1681 2819 1830 2849; x_wconf 89' lang='lat' dir='ltr'>eorum</span> <span class='ocrx_word' id='word_1_360' title='bbox 1841 2803 1977 2848; x_wconf 90' lang='lat' dir='ltr'>curio-</span> 
     </span>
     <span class='ocr_line' id='line_1_44' title="bbox 311 2845 1976 2935; baseline 0.001 -21"><span class='ocrx_word' id='word_1_361' title='bbox 311 2866 359 2916; x_wconf 74' lang='lat' dir='ltr'>1ae</span> <span class='ocrx_word' id='word_1_362' title='bbox 371 2869 628 2935; x_wconf 77' lang='lat' dir='ltr'>inquisitioni</span> <span class='ocrx_word' id='word_1_363' title='bbox 639 2870 889 2919; x_wconf 65' lang='lat' dir='ltr'>satisfaEffim</span> <span class='ocrx_word' id='word_1_364' title='bbox 901 2871 1022 2931; x_wconf 78' lang='lat' dir='ltr'>esset,</span> <span class='ocrx_word' id='word_1_365' title='bbox 1042 2845 1216 2920; x_wconf 87' lang='lat' dir='ltr'>laudav</span> <span class='ocrx_word' id='word_1_366' title='bbox 1186 2890 1268 2919; x_wconf 88' lang='lat' dir='ltr'>ere</span> <span class='ocrx_word' id='word_1_367' title='bbox 1280 2887 1466 2929; x_wconf 86' lang='lat' dir='ltr'>munera,</span> <span class='ocrx_word' id='word_1_368' title='bbox 1477 2871 1522 2916; x_wconf 74' lang='lat'>8&lt;</span> <span class='ocrx_word' id='word_1_369' title='bbox 1535 2887 1628 2935; x_wconf 86' lang='lat' dir='ltr'>quae</span> <span class='ocrx_word' id='word_1_370' title='bbox 1639 2874 1849 2934; x_wconf 88' lang='lat' dir='ltr'>praeterito</span> <span class='ocrx_word' id='word_1_371' title='bbox 1861 2887 1976 2918; x_wconf 88' lang='lat' dir='ltr'>anno</span> 
     </span>
     <span class='ocr_line' id='line_1_45' title="bbox 309 2938 1975 3005; baseline 0.001 -21.005"><span class='ocrx_word' id='word_1_372' title='bbox 309 2956 333 2984; x_wconf 80' lang='lat' dir='ltr'>a</span> <span class='ocrx_word' id='word_1_373' title='bbox 315 2938 560 3001; x_wconf 77' lang='lat' dir='ltr'>Liquefibus</span> <span class='ocrx_word' id='word_1_374' title='bbox 570 2939 690 2988; x_wconf 89' lang='lat' dir='ltr'>allata</span> <span class='ocrx_word' id='word_1_375' title='bbox 699 2940 878 2998; x_wconf 86' lang='lat' dir='ltr'>fuissent,</span> <span class='ocrx_word' id='word_1_376' title='bbox 892 2940 1011 3005; x_wconf 93' lang='lat' dir='ltr'>quod</span> <span class='ocrx_word' id='word_1_377' title='bbox 1019 2954 1219 3005; x_wconf 91' lang='lat' dir='ltr'>corrupta</span> <span class='ocrx_word' id='word_1_378' title='bbox 1228 2939 1471 3003; x_wconf 90' lang='lat' dir='ltr'>violataque</span> <span class='ocrx_word' id='word_1_379' title='bbox 1483 2939 1748 2999; x_wconf 88' lang='lat' dir='ltr'>viderentur,</span> <span class='ocrx_word' id='word_1_380' title='bbox 1768 2939 1823 2987; x_wconf 89' lang='lat' dir='ltr'>ab</span> <span class='ocrx_word' id='word_1_381' title='bbox 1835 2942 1975 3004; x_wconf 91' lang='lat' dir='ltr'>Impe-</span> 
     </span>
     <span class='ocr_line' id='line_1_46' title="bbox 307 3005 1975 3076; baseline 0.001 -24"><span class='ocrx_word' id='word_1_382' title='bbox 307 3019 444 3053; x_wconf 90' lang='lat' dir='ltr'>ratore</span> <span class='ocrx_word' id='word_1_383' title='bbox 454 3005 601 3071; x_wconf 90' lang='lat' dir='ltr'>spreta,</span> <span class='ocrx_word' id='word_1_384' title='bbox 608 3022 973 3075; x_wconf 87' lang='lat' dir='ltr'>contemtaque,ac</span> <span class='ocrx_word' id='word_1_385' title='bbox 985 3028 1040 3058; x_wconf 91' lang='lat' dir='ltr'>ne</span> <span class='ocrx_word' id='word_1_386' title='bbox 1051 3008 1255 3073; x_wconf 88' lang='lat' dir='ltr'>inspicere</span> <span class='ocrx_word' id='word_1_387' title='bbox 1264 3007 1439 3073; x_wconf 90' lang='lat' dir='ltr'>quidem</span> <span class='ocrx_word' id='word_1_388' title='bbox 1451 3006 1517 3055; x_wconf 81' lang='lat' dir='ltr'>illa</span> <span class='ocrx_word' id='word_1_389' title='bbox 1531 3008 1768 3076; x_wconf 84' lang='lat' dir='ltr'>dignatum.</span> <span class='ocrx_word' id='word_1_390' title='bbox 1782 3007 1906 3056; x_wconf 85' lang='lat' dir='ltr'>Inde&#39;</span> <span class='ocrx_word' id='word_1_391' title='bbox 1898 3021 1975 3054; x_wconf 80' lang='lat' dir='ltr'>ite-</span> 
     </span>
     <span class='ocr_line' id='line_1_47' title="bbox 308 3076 1974 3145; baseline -0.001 -23"><span class='ocrx_word' id='word_1_392' title='bbox 308 3092 401 3123; x_wconf 79' lang='lat' dir='ltr'>rum</span> <span class='ocrx_word' id='word_1_393' title='bbox 411 3076 466 3124; x_wconf 88' lang='lat' dir='ltr'>ad</span> <span class='ocrx_word' id='word_1_394' title='bbox 477 3077 826 3145; x_wconf 84' lang='lat' dir='ltr'>interrogationes</span> <span class='ocrx_word' id='word_1_395' title='bbox 833 3076 935 3127; x_wconf 85' lang='lat' dir='ltr'>versi</span> <span class='ocrx_word' id='word_1_396' title='bbox 946 3113 959 3138; x_wconf 93' lang='lat'>,</span> <span class='ocrx_word' id='word_1_397' title='bbox 975 3097 1062 3131; x_wconf 80' lang='lat' dir='ltr'>num</span> <span class='ocrx_word' id='word_1_398' title='bbox 1081 3077 1262 3129; x_wconf 64' lang='lat' dir='ltr'>Hostandt&#39;</span> <span class='ocrx_word' id='word_1_399' title='bbox 1281 3081 1376 3126; x_wconf 83' lang='lat' dir='ltr'>mari</span> <span class='ocrx_word' id='word_1_400' title='bbox 1391 3079 1569 3144; x_wconf 78' lang='lat' dir='ltr'>progeniti</span> <span class='ocrx_word' id='word_1_401' title='bbox 1582 3114 1594 3139; x_wconf 84' lang='lat'>,</span> <span class='ocrx_word' id='word_1_402' title='bbox 1614 3095 1676 3126; x_wconf 84' lang='lat' dir='ltr'>nec</span> <span class='ocrx_word' id='word_1_403' title='bbox 1685 3080 1793 3127; x_wconf 85' lang='lat' dir='ltr'>aliam</span> <span class='ocrx_word' id='word_1_404' title='bbox 1799 3079 1974 3140; x_wconf 85' lang='lat' dir='ltr'>patriam,</span> 
     </span>
    </p>
   </div>
   <div class='ocr_carea' id='block_1_4' title="bbox 1857 3139 2035 3209">
    <p class='ocr_par' dir='ltr' id='par_1_7' title="bbox 1857 3139 2035 3209">
     <span class='ocr_line' id='line_1_48' title="bbox 1857 3139 2035 3209; baseline 0 -19"><span class='ocrx_word' id='word_1_405' title='bbox 1857 3161 1968 3209; x_wconf 75' lang='lat' dir='ltr'>quam</span> <span class='ocrx_word' id='word_1_406' title='bbox 2003 3139 2035 3160; x_wconf 48' lang='lat' dir='ltr'>x</span> 
     </span>
    </p>
   </div>
   <div class='ocr_carea' id='block_1_5' title="bbox 2074 3161 2076 3205">
    <p class='ocr_par' dir='ltr' id='par_1_8' title="bbox 2074 3161 2076 3205">
     <span class='ocr_line' id='line_1_49' title="bbox 2074 3161 2076 3205; baseline 0 0"><span class='ocrx_word' id='word_1_407' title='bbox 2074 3161 2076 3205; x_wconf 71' lang='lat' dir='ltr'>l</span> 
     </span>
    </p>
   </div>
   <div class='ocr_carea' id='block_1_6' title="bbox 2070 3299 2114 3412">
    <p class='ocr_par' dir='ltr' id='par_1_9' title="bbox 2070 3299 2114 3412">
     <span class='ocr_line' id='line_1_50' title="bbox 2070 3299 2114 3412; baseline 0 -26"><span class='ocrx_word' id='word_1_408' title='bbox 2070 3299 2114 3412; x_wconf 55' lang='lat' dir='ltr'>z,</span> 
     </span>
    </p>
   </div>
  </div>
 </body>
</html>
