2083 3422
131 1775 243 1806 KYA-

105 1826 229 1848 KYAM

265 137 329 181 “¹5
645 118 955 197 Parsprinm
976 112 1257 197 ‘Legatiomls
1278 113 1554 171 thrzvicae'

705 223 722 228 τ
758 226 763 227 ⁷
833 228 852 230 W,
875 228 894 230 -
922 227 945 230 k
949 224 1019 230 -.-.
1063 223 1117 226 ’ψη
1132 223 1159 225 -ff
1182 227 1194 228 Π
1226 225 1293 232 -ΪΫᾸ
1326 218 1894 228 α’-ν-ἶζ--;ῑ-Ά’ἠ>Μ-ἠ’-ψημ,γ.

1110 234 1278 248 *⁶⁴3⁷

281 1493 416 1556 ripam
438 1489 625 1536 fluminis
645 1486 935 1554 septingentos
952 1485 1087 1552 passus
1111 1484 1358 1534 extenditur
1370 1516 1383 1537 ,
1404 1484 1565 1532 moenia
1577 1483 1823 1549 quindecim
1832 1484 1962 1550 pedes

282 1560 376 1608 alta.
409 1560 582 1626 Pagoda
592 1559 721 1606 unico
732 1592 744 1615 ,
761 1554 882 1618 cujus
901 1555 1171 1620 splendorem
1183 1554 1337 1620 longus
1347 1555 1435 1602 dies
1446 1552 1698 1601 absumserat
1708 1593 1722 1614 ,
1742 1553 1961 1620 tribusque

282 1631 414 1696 portis
432 1626 755 1694 triumphalibus
776 1628 820 1673 in
839 1625 1050 1673 honorem
1072 1625 1458 1683 Mandarinorum,
1482 1625 1556 1690 qui
1578 1623 1632 1670 de
1643 1626 1778 1689 patria
1795 1627 1962 1690 optime

286 1700 476 1748 demeriti
489 1699 658 1748 fuerant
668 1694 904 1753 exstru&iS‚
923 1694 1126 1762 superbit.

357 1766 572 1836 Vigcsima
584 1765 742 1833 Aprilis
752 1779 951 1831 quartum
961 1765 1120 1814 o&avae
1132 1765 1312 1812 civitatis
1325 1763 1515 1829 Linkiang
1537 1763 1769 1829 Oppidum
1788 1764 1832 1810 K
1844 1767 1884 1811 Y
1896 1766 1934 1812 A
1942 1793 1962 1802 -

103 1840 382 1890 adveniuntKY
397 1842 438 1886 A
459 1836 554 1884 alias
572 1838 724 1900 Hiakya
738 1836 956 1902 attigimus
977 1872 990 1895 ,
1010 1835 1231 1903 o&oginta
1252 1837 1316 1893 Ly
1334 1833 1520 1881 diffitum
1541 1833 1785 1898 Kiexuj0‚ad
1803 1834 1962 1881 radices

287 1909 501 1956 montium
513 1943 525 1964 ,
547 1907 623 1972 qui
647 1909 859 1954 Honanam
882 1904 1017 1953 versus
1036 1906 1254 1952 cacumina
1273 1904 1342 1950 sua
1368 1903 1645 1967 protendunt.
1684 1903 1792 1949 Situs
1806 1903 1896 1966 ejus
1906 1901 1962 1949 ad

287 1980 468 2025 Boream
483 1977 625 2023 Cani&
635 1976 771 2040 ripam
784 2010 796 2033 ,
815 1971 935 2034 cujus
948 1992 1068 2038 aquae
1087 1975 1207 2020 variis
1218 1991 1294 2038 per
1311 1971 1463 2019 urbem
1482 1971 1594 2019 foffis
1605 1969 1898 2030 deducuntur,
1915 1974 1962 2020 8:

285 2045 422 2109 major
435 2063 527 2112 pars
537 2044 690 2110 oppidi
701 2044 837 2090 fluvio
848 2041 1029 2091 alluitur.
1066 2041 1230 2090 Crebra
1249 2041 1308 2089 ibi
1317 2046 1320 2058 ’
1330 2042 1696 2108 praeternavigatio
1708 2076 1720 2099 ,
1742 2055 1964 2106 quotquot

285 2117 470 2164 flumine
492 2116 567 2161 Can
590 2112 866 2161 descendunt.
901 2116 1005 2160 Haec
1024 2111 1124 2159 urbs
1140 2110 1334 2177 ipsissima
1355 2113 1569 2159 montium
1581 2110 1767 2158 radicem
1776 2111 1964 2177 attingit,

286 2200 335 2233 ut
360 2185 492 2233 iidem
511 2183 681 2250 oppido
693 2184 964 2242 immineant,
978 2200 1163 2248 quorum
1181 2199 1334 2248 magna
1345 2199 1439 2247 pars
1456 2181 1821 2228 intramaeniorum
1832 2179 1965 2227 ambi-

284 2268 378 2302 tum
388 2271 538 2301 eorum
549 2255 687 2301 vicem
700 2251 964 2317 potiffimum
975 2251 1159 2318 supplet,
1170 2253 1260 2316 qui,
1275 2254 1319 2298 in
1330 2249 1486 2300 fertiles
1497 2253 1542 2298 &
1554 2249 1771 2299 faecundos
1783 2247 1964 2297 distinffi

285 2341 408 2389 agros
418 2362 429 2382 ‚
450 2322 598 2370 incolis
613 2321 870 2370 uberrimam
891 2322 1061 2369 meffem
1080 2321 1362 2387 suppeditant.
1402 2323 1487 2368 Hic
1509 2323 1613 2368 mira
1623 2321 1816 2367 Sinarum
1835 2320 1878 2365 in
1892 2320 1964 2366 de-

286 2392 468 2460 ligendis
478 2394 524 2441 &
536 2392 733 2439 notandis
742 2391 960 2439 montibus
969 2406 1057 2440 tam
1066 2390 1247 2459 speciosa
1259 2393 1427 2439 ratione
1439 2428 1452 2451 ,
1461 2408 1589 2456 quam
1599 2387 1719 2437 ullibi
1732 2422 1745 2441 ‚
1765 2389 1883 2455 viget
1891 2422 1904 2442 ,
1918 2389 1963 2435 in

289 2465 375 2528 qua
389 2463 444 2510 ad
455 2461 664 2511 vesaniam
675 2461 807 2526 usque
817 2459 994 2510 delirant
1004 2499 1017 2521 ,
1036 2464 1081 2509 in
1102 2460 1320 2508 montibus
1331 2463 1446 2508 enim
1466 2458 1709 2526 prosperam
1718 2474 1868 2504 eorum
1880 2456 1964 2504 for-

291 2545 445 2579 tunam
467 2529 688 2579 consistere
707 2542 954 2587 autumant,
967 2530 1028 2578 ob
1053 2532 1286 2590 DraconiS,
1307 2548 1435 2596 quem
1448 2533 1592 2597 primae
1602 2527 1810 2575 felicitatis
1821 2527 1966 2575 austo-

291 2619 381 2648 rem
392 2601 617 2660 somniant,
631 2599 896 2648 domicilium
909 2620 918 2647 :
930 2602 1047 2649 unde
1057 2619 1137 2668 pro
1149 2599 1373 2667 sepulchris
1390 2599 1634 2648 extruendis
1645 2599 1800 2644 montis
1812 2596 1965 2663 figuras

294 2670 519 2737 diligenter
531 2672 776 2718 examinant
787 2706 799 2728 ,
817 2688 942 2718 venas
953 2688 1103 2719 omnes
1120 2688 1168 2718 ac
1177 2669 1330 2719 viscera
1350 2668 1581 2717 scrutantur
1594 2704 1606 2727 ,
1624 2684 1704 2713 nec
1715 2665 1967 2731 sumptibus,

293 2754 373 2785 nec
395 2738 608 2788 laboribus
619 2754 797 2806 parcunt
807 2777 819 2800 ‚
838 2754 886 2788 ut
905 2741 1168 2789 fortunatam
1179 2739 1488 2805 consequantur
1499 2752 1667 2792 terram,
1676 2750 1805 2802 caput
1816 2733 1965 2783 videli—

292 2820 375 2865 cet,
396 2807 462 2855 vel
473 2810 651 2857 caudam
662 2847 673 2868 ,
685 2808 752 2857 vel
763 2827 837 2857 cor
845 2811 1058 2858 Draconis
1075 2830 1085 2856 ε
1109 2828 1207 2858 nam
1221 2809 1321 2856 inde
1333 2827 1411 2874 pro
1426 2805 1575 2874 sepulti
1588 2805 1759 2872 posteris
1767 2803 1965 2871 prospera

293 2878 438 2923 omnia
455 2895 510 2924 ex
532 2893 635 2926 voto
645 2879 811 2927 fluxura
823 2878 899 2926 fibi
916 2880 1093 2928 firmiter
1104 2878 1367 2946 persuadent.
1403 2881 1475 2925 Ne
1487 2893 1602 2924 error
1620 2879 1663 2922 in
1680 2877 1759 2924 hac
1782 2872 1968 2940 disquisi-

292 2946 412 2992 tione
433 2949 726 2996 committatur
737 2986 749 3008 ,
769 2947 892 2997 multi
913 2950 1023 2998 hanc
1042 2964 1174 2997 artem
1196 2948 1452 3014 profitentur
1462 2984 1475 3006 ,
1496 2948 1570 3011 qui
1589 2962 1665 3011 per
1685 2957 1824 2993 totam
1833 2957 1971 2990 extre⁴

294 3031 408 3061 mam
421 3013 529 3062 hanc
541 3016 685 3064 Asiam
696 3018 939 3085 vagabundi
951 3021 1165 3067 montium
1178 3019 1331 3085 figuras
1343 3054 1355 3076 ‚
1378 3015 1589 3080 venasque
1603 3014 1830 3062 observant
1840 3050 1854 3072 ,
1877 3029 1969 3059 non

294 3081 413 3132 aliter
423 3097 552 3150 atque
563 3085 779 3152 Astrologi
792 3086 973 3137 siderum
984 3089 1083 3155 conj
1089 3087 1323 3148 unitiones,
1334 3089 1379 3135 &
1391 3085 1593 3152 aspestus,
1604 3088 1648 3134 8<
1661 3082 1972 3131 Chiromantici

1761 3166 1973 3201 manuum
