2114 3412
299 111 365 164 78
405 94 411 103 ¹
683 95 822 153 Pars
831 94 992 176 prima
1012 93 1294 178 Legatiomls
1315 94 1581 153 Batavicae

144 217 266 246 Montes
306 213 479 248 centum
492 197 718 246 altitudine
730 187 984 264 perficaruin
995 201 1158 266 ingenti
1171 236 1183 259 7
1201 212 1249 246 ut
1261 197 1314 246 ad
1323 196 1570 262 Catadupas
1581 237 1595 258 ,
1614 194 1783 263 fragore
1795 197 1955 246 decidit
1968 222 1982 259 3

123 256 286 340 gssffiffig.
308 271 422 318 unde
434 269 603 334 Pechang
619 267 717 315 loco
731 285 906 323 nomen,
915 270 1035 334 quod
1047 272 1354 332 centumpertz'cm
1365 265 1584 334 significat.
1624 268 1848 329 Proximus
1866 270 1985 329 inde,

309 343 354 387 &
378 337 479 386 alius
502 355 625 385 mons
644 337 801 404 Xifng
827 374 839 397 ,
874 356 1005 403 quem
1025 340 1116 403 ejus
1131 339 1316 405 regionis
1336 334 1597 402 trigesimum
1616 354 1782 384 nonum
1806 337 1987 386 Sinenfis

307 407 598 475 Geographus
618 406 746 473 Taofic
767 406 965 455 recenset.

124 487 171 550 2<-
184 478 291 550 Αῑῖῐῑῐσ
379 481 419 525 V
422 476 593 544 igesima
615 479 738 526 tertia
756 476 918 542 Aprilis
938 479 1072 544 prima
1091 473 1354 541 Metropolis
1380 478 1427 523 N
1441 479 1482 523 A
1497 478 1543 523 N
1555 477 1596 522 C
1610 478 1653 523 H
1668 479 1707 523 A
1723 479 1768 524 N
1781 479 1827 523 G
1847 516 1860 536 ‚
1892 496 1986 543 quae

124 532 288 603 {ipii'ciistsiiff
309 550 355 595 &
373 547 538 613 IQazggsi
552 549 728 594 nomine
738 548 867 594 totius
881 548 1111 595 Provinciae
1121 545 1380 611 appellatur,
1398 545 1621 611 conspeffla
1642 544 1737 594 fuit.
1772 547 1897 614 Jaffis
1916 565 1987 594 an-

308 619 428 675 coris,
436 635 540 664 mox
551 618 573 664 a
585 615 836 683 Magistratu
848 632 1032 682 quatuor
1041 615 1268 682 splendido
1280 630 1433 663 ornatu
1445 617 1615 683 navigia
1630 655 1642 674 ‚
1666 616 1923 664 devehendis
1943 619 1988 666 in

310 685 461 734 urbem
475 688 658 752 Legatis,
671 687 792 752 quod
806 685 866 732 ob
884 686 1071 734 fluminis
1081 683 1297 752 scopulosa
1308 686 1418 733 vada
1431 684 1662 749 majoribus
1671 685 1775 732 adiri
1787 702 1990 750 nequeat,

314 757 588 804 advenerunt.
629 755 910 803 Mandarinus
933 758 1145 803 meemou
1167 755 1257 802 duo
1287 752 1362 801 fibi
1382 757 1555 820 potiora
1576 754 1762 810 servans,
1781 755 1988 804 offensam

312 829 578 894 Legatorum
592 827 765 872 incurrit
779 846 791 882 3
808 823 876 872 sed
891 824 1230 892 magistratuipso
1241 827 1428 890 Legatos
1442 826 1846 889 excipiente‚navim
1856 844 1990 875 unam

310 896 514 943 Pixcntous
539 894 717 942 reddere
732 893 858 956 juffus
877 894 983 949 fuit,
1000 912 1131 960 quam
1149 896 1304 961 Legati
1318 893 1667 942 conscenderunt.
1698 895 1904 960 Sequenti
1917 897 1990 944 die

126 965 224 1034 {mm
241 965 283 1038 {gf-‘t
311 967 494 1032 Legatus
505 965 642 1010 Petrus
652 964 698 1010 cle
708 962 1011 1028 Goyer‚(Jac0b0
1029 962 1215 1027 deKeJser
1226 961 1513 1011 invaletudine
1524 962 1727 1028 detento)
1737 982 1835 1011 cum
1848 968 1990 1013 Secre-

127 1017 269 1092 {322¹
310 1036 419 1082 tario
440 1036 616 1081 Henrico
627 1033 755 1081 OEaron
769 1032 983 1100 Tutangum
1002 1033 1233 1081 inviserunt
1242 1067 1256 1088 2
1275 1035 1445 1098 excepti
1464 1032 1518 1080 ab
1529 1051 1584 1081 eo
1594 1033 1904 1095 humaniflime,
1917 1034 1990 1083 sssd

310 1102 614 1168 Interpretibus
624 1101 859 1150 admodum
870 1102 1256 1169 irascebatur2quod
1270 1106 1456 1170 Legatos
1466 1120 1541 1167 per
1551 1101 1896 1171 longinquissima
1907 1119 1993 1153 ter-

310 1190 449 1221 rarum
463 1177 610 1238 Magno
624 1168 769 1234 [hamo
779 1172 1058 1239 gratulaturos
1066 1191 1155 1219 non
1171 1174 1322 1236 majori
1335 1172 1592 1237 excepissent
1603 1172 1988 1238 apparatu‚(pedes

248 1288 252 1297 ,
309 1245 424 1290 enim
435 1238 709 1305 accefl'erant)
722 1260 863 1307 neque
872 1244 1016 1290 mitior
1028 1261 1128 1310 erga
1139 1243 1421 1290 Mandarinos
1431 1241 1661 1303 sztonicos
1671 1276 1685 1296 2
1705 1260 1777 1289 eos
1797 1244 1905 1290 rudes
1915 1245 1990 1308 afi-

307 1331 370 1359 nos
382 1310 638 1377 appellabat.
670 1311 979 1360 Remeantibus
989 1314 1088 1377 equi
1098 1312 1275 1378 praebiti,
1287 1313 1332 1360 8<
1345 1326 1409 1359 ter
1419 1309 1600 1376 explosis
1611 1314 1846 1371 tormentis,
1856 1331 1987 1378 quam

310 1395 450 1448 gratus
461 1399 609 1428 eorum
623 1380 829 1428 adventus
840 1382 954 1436 effer,
963 1381 1234 1430 testabantur.
1266 1383 1417 1447 Legati
1430 1380 1606 1446 Tutango
1619 1399 1791 1429 munera
1809 1383 1987 1447 quidem

310 1449 564 1510 offerebant,
572 1447 641 1498 sed
654 1451 685 1496 is
695 1448 968 1517 easdem2qua
978 1450 1048 1498 alii
1059 1450 1331 1499 excusatione
1344 1450 1437 1499 usus
1446 1484 1459 1506 ,
1472 1449 1584 1517 leges
1595 1452 1716 1512 Sinae,
1727 1450 1881 1518 quibus
1889 1471 1987 1518 pro-

311 1519 550 1574 hiberetur,
569 1519 806 1585 praetendit.

125 1589 297 1661 ffiflffla'*
386 1589 777 1657 Nanchng-‚viginti
809 1592 874 1651 Ly
894 1589 1109 1656 chchinga
1132 1589 1284 1639 distans
1300 1626 1314 1647 ,
1357 1591 1487 1640 radici
1509 1592 1692 1659 ingentis
1718 1589 1882 1655 paludis
1911 1593 1987 1638 2³0,

191 1641 223 1672 ζ’
297 1677 406 1725 yang
434 1657 572 1707 versus
600 1659 805 1707 Austrum
835 1657 1002 1721 adjacet
1020 1697 1034 1720 ,
1067 1661 1189 1724 cujus
1206 1663 1324 1726 aquis
1343 1663 1610 1709 circumcirca
1632 1659 1800 1709 alluitur
1822 1697 1835 1720 ,
1869 1662 1986 1709 unde

308 1727 493 1794 speciem
504 1726 644 1776 insulae
654 1729 814 1795 praebet
834 1747 844 1775 ε
863 1728 1066 1777 Ambitus
1076 1731 1281 1796 quadrata
1299 1730 1436 1779 forma
1447 1730 1664 1797 sexaginta
1673 1729 1744 1777 sex
1754 1731 1874 1792 Lym,
1883 1749 1986 1797 qua-

308 1815 403 1845 rum
415 1799 489 1845 vix
498 1799 651 1865 viginti
661 1817 786 1847 muro
799 1800 1055 1867 cinguntur,
1073 1797 1383 1866 compleffltur.
1419 1803 1594 1866 Septem
1616 1814 1774 1867 portae,
1794 1800 1863 1848 sed
1882 1819 1985 1866 qua-

307 1880 407 1914 tuor
418 1869 626 1927 eminent,
640 1887 818 1934 quarum
830 1886 924 1933 quae
935 1867 1183 1916 suburbium
1194 1869 1333 1918 versus
1347 1872 1494 1938 Qrul
1503 1885 1679 1918 vocatur
1690 1906 1701 1928 ‚
1720 1871 1896 1916 navium
1906 1888 1984 1916 no-

307 1934 481 1983 strarum
493 1935 615 1983 statio
625 1936 717 1985 fuit.
755 1943 956 1996 Qatuor
966 1937 1035 1985 hic
1051 1939 1257 2004 Pagodae,
1279 1957 1365 1987 una
1386 1942 1432 1988 &
1452 1941 1662 2005 praecipua
1685 1940 1708 1985 zi
1722 1936 1853 1986 ferrea
1865 1937 1982 1987 colu-

308 2022 409 2052 mna
428 2004 622 2074 Thifilting
645 2009 848 2066 nomine,
869 2007 1008 2054 virore
1024 2006 1276 2055 micantibus
1292 2008 1486 2057 comesta
1497 2007 1764 2063 imbricibus,
1785 2010 1831 2056 &
1850 2008 1984 2057 tribus
2024 2009 2030 2014 ’

142 2074 262 2147 Ξῇῗῑῑῑῐῃ
308 2073 436 2122 divisa
447 2074 648 2141 partibus.
683 2077 826 2124 Primo
837 2074 1046 2123 vestibulo
1058 2076 1227 2124 Idolum
1240 2079 1373 2142 Kouja
1392 2077 1626 2126 minoribus
1635 2078 1820 2126 cin<5³mm
1840 2113 1853 2136 ‚
1876 2096 1985 2144 quo-

124 2121 160 2157 Ιχ
183 2129 226 2156 'a'
310 2162 405 2191 rum
417 2142 577 2210 singula
591 2143 787 2193 staturam
807 2145 1037 2194 humanam
1057 2145 1191 2194 altero
1209 2160 1376 2195 tantum
1402 2163 1598 2214 aequant,
1616 2148 1747 2213 Kouja
1756 2146 1872 2195 velut
1882 2166 1984 2212 praea

307 2212 366 2260 ses
377 2213 526 2280 templi
538 2251 552 2274 ‚
570 2217 615 2262 &
627 2214 826 2264 defensor
837 2214 1003 2263 sublimi
1013 2215 1172 2264 throno
1182 2253 1194 2276 ‚
1214 2235 1432 2283 purpureo
1444 2219 1642 2270 humeros
1651 2217 1824 2265 amicius
1835 2217 1982 2282 pallio,

308 2282 494 2351 inlonga
507 2285 668 2349 pertica
679 2284 849 2332 duobus
859 2283 899 2332 se
914 2285 1188 2334 Draconibus
1209 2286 1466 2335 horribiliter
1485 2288 1607 2354 spiras
1627 2286 1715 2334 suas
1732 2287 1981 2335 circumvol-

307 2351 1092 2420 ventibus,minantibusque,confidet.
1130 2357 1324 2404 Secunda
1344 2357 1492 2423 templi
1503 2376 1594 2424 pars
1606 2395 1619 2416 ‚
1641 2357 1733 2403 duae
1754 2354 1845 2403 latae
1866 2355 1980 2404 scala:

307 2419 383 2468 fibi
396 2435 548 2469 mutuo
559 2438 853 2489 opponuntur.
884 2423 1144 2472 Ambulacra
1155 2428 1313 2473 circum
1330 2427 1469 2493 ampla
1482 2463 1494 2487 ,
1513 2426 1682 2492 lataque
1693 2460 1706 2484 ,
1726 2425 1981 2492 imaginibus

306 2491 502 2557 undique
512 2491 683 2540 confita.
714 2494 882 2541 Eadem
895 2495 1008 2541 tertii
1021 2493 1197 2559 templi,
1219 2513 1298 2543 nec
1319 2497 1503 2544 multum
1515 2497 1672 2543 varians
1685 2494 1894 2542 conditio.
1929 2500 1979 2543 ln

308 2560 427 2608 aditu
446 2562 571 2626 primi
588 2560 742 2627 templi
759 2564 813 2610 ad
835 2562 1027 2610 dextram
1044 2578 1221 2629 puteuS,
1240 2566 1473 2613 duodecim
1493 2565 1656 2613 ambitu
1671 2565 1880 2628 quadrato
1891 2563 1981 2630 pass

123 2646 269 2681 Mirabilis
307 2626 427 2677 suum
440 2667 453 2690 ,
474 2648 530 2677 ex
556 2633 656 2679 vivo
672 2630 773 2678 laxo
794 2667 806 2690 ‚
825 2650 934 2697 aqua
954 2633 1008 2679 ad
1029 2636 1263 2699 marginem
1284 2633 1452 2683 scatens.
1498 2636 1622 2682 Mirae
1644 2632 1876 2681 incolarum
1889 2671 1901 2694 ‚
1921 2635 1977 2686 de

123 2697 239 2732 puteus.
309 2696 442 2762 Kouja
453 2735 465 2757 ,
480 2697 654 2765 ejusque
667 2714 802 2767 puteo
813 2700 965 2748 fabulae
989 2719 999 2745 ε
1026 2704 1088 2749 Ut
1090 2717 1289 2766 pauperum
1306 2704 1477 2769 beneficus
1495 2705 1589 2750 altor
1595 2702 1708 2766 fuerit
1721 2738 1733 2760 ,
1759 2706 1800 2750 &³
1810 2718 1915 2766 opum
1925 2723 1977 2751 ex

308 2768 494 2830 Alclyymia
514 2771 678 2835 quippe
690 2787 839 2818 verum
850 2785 1071 2836 argentum
1088 2771 1143 2819 ab
1155 2790 1210 2818 eo
1221 2790 1275 2820 ex
1286 2771 1544 2839 ignobilibus
1565 2771 1810 2819 confecsstum
1831 2772 1977 2821 metal-

306 2832 354 2880 lis
364 2835 579 2901 credunt)
598 2842 633 2884 1'11
655 2858 780 2905 egenos
799 2841 922 2905 largus
934 2862 947 2899 3
970 2840 1014 2886 ab
1036 2860 1073 2888 eo
1099 2846 1310 2890 Draconem
1327 2841 1404 2889 urbi
1422 2845 1604 2888 interitum
1627 2845 1849 2896 minantem,
1873 2856 1974 2890 terra

306 2902 493 2958 obrutum,
517 2909 559 2952 Εἴ
568 2906 688 2973 fhrrae
710 2913 897 2975 adigatum
918 2910 1086 2956 columnae
1105 2946 1118 2969 ,
1137 2914 1173 2956 in
1194 2911 1286 2957 hunc
1302 2923 1454 2973 puteum
1468 2910 1706 2974 praecipitaſjb
1730 2933 1742 2970 3
1779 2910 1871 2958 unde
1890 2926 1973 2958 tam

305 2988 413 3034 quam
431 2974 729 3039 publicaestzlutis
749 2993 882 3032 autor,
905 2981 948 3025 65’
965 2979 1047 3025 coelo
1069 2997 1150 3025 cum
1167 2978 1310 3042 familia
1333 2983 1445 3026 vivus
1463 2993 1623 3041 receptus
1634 2979 1780 3042 fuerit,
1804 2983 1848 3027 δῦ
1871 2980 1896 3026 εὶ
1907 2994 1974 3043 poae

292 3040 403 3103 fieris
422 3042 563 3089 condito
584 3044 650 3092 hoc
665 3048 797 3113 templa
817 3048 953 3096 divinis
972 3047 1157 3097 honoribus
1176 3049 1329 3097 colatur.
1363 3046 1505 3097 Multa
1518 3082 1531 3105 ,
1544 3050 1589 3097 &
1601 3047 1681 3097 alia
1691 3066 1798 3098 vana
1809 3084 1822 3109 ,
1838 3049 1973 3095 incre-

1822 3114 1968 3166 dibilia
