2114 3412
323 115 389 175 ad
400 116 717 199 Magnum
731 111 990 178 Tartariae
1007 123 1233 205 Sinaeque
1249 122 1291 184 C
1289 122 1497 186 hamum.
1660 153 1734 196 79

150 221 200 267 In
217 221 425 283 Huqung
438 216 553 280 apud
570 217 778 282 Kingchetc
793 219 839 264 &
859 222 1023 286 inin
1039 222 1081 266 in
1099 224 1276 292 Qangfi
1296 223 1457 288 lapides
1471 262 1483 284 ‚
1513 243 1605 291 quo
1624 226 1732 278 Sinae

85 301 365 336 atramentum
375 290 495 333 tuum
511 299 763 349 temperant.

154 359 198 404 In
214 360 441 421 Qumggtung
455 353 568 419 apud
590 356 648 403 N
646 357 790 421 rznhing,
801 357 904 421 lapis
920 371 1154 405 atramento
1172 361 1314 406 Sinico
1326 363 1614 423 aemuIUS,cum
1625 383 1731 432 quo³

86 440 135 474 ut
150 445 226 474 nos
237 439 375 483 creta,
396 424 499 470 albis
515 421 667 470 tabulis
688 424 928 476 inscribunt.
969 425 1032 473 lbi
1043 445 1219 492 quoque
1235 428 1338 493 lapis
1354 445 1439 479 tam
1449 433 1592 494 dmm,
1603 449 1652 482 ut
1670 435 1729 482 se-

86 513 203 544 cures
217 496 263 540 8<
282 493 439 540 cultros
456 494 555 540 inde
578 492 824 544 conficiant.

153 569 202 612 In
220 564 362 628 Pelting
378 562 537 628 lapides
555 563 674 626 lydii.

82 684 88 691 ⁸
148 636 198 680 In
221 637 374 681 Honan
395 631 510 698 apud
531 629 705 699 Changte
724 650 860 693 mom,
869 634 945 700 qui
957 652 1127 701 magnes
1139 635 1292 683 dicitur
1301 637 1362 683 ob
1379 640 1550 704 copiam
1560 639 1732 690 illorum

85 702 289 770 lapidum.

80 807 85 814 ,
154 772 286 838 Apud
312 774 480 838 Paonizgg
499 789 622 819 mons
642 776 686 818 Io
704 789 967 837 gemmarum
994 788 1208 838 proventu
1227 774 1409 842 insignis.
1454 777 1534 825 Sed
1550 777 1731 827 difficilis

84 845 214 893 adim.

148 917 194 960 In
229 912 401 958 Suchuen
423 911 653 976 ,Kienchaszg
678 928 801 958 mons
832 911 963 959 Tiexe
981 948 993 971 ,
1032 912 1151 976 cujus
1166 914 1265 980 igne
1298 912 1375 962 fusi
1393 914 1554 981 lapides
1575 916 1731 966 ferrum

85 982 277 1033 exudant
288 1017 301 1039 ,
320 982 476 1027 acinaci
488 983 532 1027 &
545 979 710 1027 enfibus
726 980 944 1029 idoneum.
1684 985 1693 992 ’

150 1054 197 1098 ln
216 1055 424 1116 Huquang
438 1049 553 1114 apud
572 1053 635 1097 H
633 1053 815 1116 ongclaeu
829 1067 952 1098 mons
961 1054 1042 1098 Pas)
1058 1091 1071 1111 ‚
1089 1049 1247 1117 lapilli,
1262 1055 1337 1116 qui
1355 1052 1442 1100 Soli
1458 1054 1644 1120 expositi
1660 1073 1730 1103 ru«

82 1120 258 1170 bescunt
275 1118 320 1163 &
337 1117 581 1177 flavescunt,
594 1119 771 1166 durante
786 1120 838 1166 ad
858 1134 1026 1185 tempus
1040 1121 1197 1170 colore.
1728 1120 1731 1123 ’

151 1186 286 1254 Apud
306 1189 497 1255 Chingtien
515 1206 637 1234 mons
656 1186 798 1251 ζἰιεαί,
820 1189 940 1252 cujus
956 1207 1103 1237 omnes
1120 1191 1287 1236 arbores
1303 1191 1348 1235 8<
1365 1188 1524 1255 lapides
1539 1194 1668 1241 rubri.

147 1263 193 1307 ln
218 1263 426 1325 Huqung
441 1258 556 1323 apud
581 1260 782 1325 Ganln'ang
796 1278 917 1308 mons
934 1263 1046 1308 Hoasz
1062 1297 1074 1319 ,
1104 1257 1218 1305 idest
1236 1258 1391 1319 flavus,
1405 1260 1526 1324 quod
1544 1261 1636 1322 ejus
1648 1275 1731 1312 ter-

77 1348 154 1390 rae,
169 1326 328 1393 lapides
347 1345 477 1374 aureo
491 1327 636 1375 colore
652 1326 856 1395 fulgeant.
892 1333 956 1378 Ita
975 1347 1098 1376 mons
1112 1328 1275 1387 Tayven
1291 1328 1407 1394 apud
1430 1331 1613 1397 Unchang
1631 1332 1733 1381 tales

86 1416 210 1448 terras
227 1398 272 1443 8(
292 1395 451 1461 lapides
466 1395 645 1462 profert.

155 1471 202 1514 In
225 1472 374 1514 Iunnan
405 1467 522 1531 apud
550 1467 696 1532 CiokiJg
720 1505 734 1525 ‚
769 1485 892 1514 mons
912 1468 1071 1530 Ithoa
1086 1504 1099 1526 ,
1123 1465 1243 1526 cujus
1260 1478 1408 1513 vertex
1423 1485 1552 1516 aureo
1579 1469 1730 1519 colore

84 1538 265 1603 assurgit.

153 1605 289 1671 Apud
304 1601 554 1671 [hungchang
566 1613 629 1656 X
631 1607 722 1669 cufi,
735 1604 988 1654 subcoerulei
998 1604 1131 1670 lapilli
1147 1604 1249 1652 albis
1260 1604 1379 1652 lineis
1391 1607 1608 1672 variegati,
1619 1625 1729 1675 quo-²

85 1688 179 1726 ru'rn
189 1675 284 1723 calx
307 1672 396 1720 usta
411 1674 539 1721 vitam
558 1673 816 1741 prolongare
829 1674 1030 1723 creditur.

149 1750 198 1795 In
216 1747 407 1811 Huquang
423 1756 571 1792 monte
588 1748 684 1793 Uxe
697 1746 807 1812 nigri
826 1743 983 1812 lapilli,
1004 1761 1190 1810 quorum
1202 1744 1344 1810 pulvis
1362 1747 1560 1810 anginam
1580 1747 1730 1797 &fau-

84 1834 152 1865 ces
168 1816 294 1864 sanat.

152 1883 288 1950 Apud
315 1884 532 1948 Heoeggcheu
551 1901 673 1931 mons
700 1893 764 1937 X
765 1904 851 1947 eyen
884 1883 1052 1950 lapillos
1076 1883 1213 1932 forma
1245 1883 1523 1933 hirundinum
1548 1885 1724 1952 profert.

83 1955 246 2004 Medici
261 1952 463 2001 masculos
487 1953 723 2002 zifoemellis
756 1955 1038 2002 discriminare
1061 1967 1221 2002 norunt
1244 1955 1290 2001 8<
1306 1954 1613 2003 medicamenta
1629 1955 1729 2004 inde:

82 2023 307 2082 conficere.

150 2096 198 2140 In
216 2106 363 2139 monte
379 2092 657 2156 Ciepaconapud
672 2092 803 2154 Tocht',
817 2095 929 2140 varia
944 2093 1188 2158 lapillorum
1206 2109 1370 2159 genera,

150 2165 197 2209 ln
216 2163 398 2225 (belziaszg
406 2162 518 2225 apud
537 2161 718 2221 Taicheu,
732 2181 854 2210 mons
869 2162 1143 2224 Gueyn‚cujus
1163 2180 1310 2210 omnes
1322 2161 1483 2227 lapides
1499 2161 1707 2227 quadrati,

147 2230 284 2295 Apud
298 2233 470 2278 Siaoxan
484 2230 688 2277 lautumia
704 2233 786 2277 toti
804 2231 892 2278 fere
911 2235 1018 2279 Sinae
1028 2232 1124 2277 saxa
1141 2230 1425 2296 suppeditans.
1511 2224 1516 2228 ξ

148 2304 194 2347 ln
210 2308 274 2351 X
276 2302 357 2362 enfi
371 2299 484 2364 apud
497 2303 667 2348 Lantien
679 2338 691 2359 ,
701 2301 741 2346 in
753 2313 901 2347 monte
919 2306 1028 2349 Vutu
1038 2337 1051 2359 ,
1065 2301 1111 2346 8<
1122 2300 1238 2364 apud
1260 2297 1490 2364 [ungebang
1503 2310 1609 2345 terra
1619 2336 1632 2358 ,
1647 2316 1719 2348 an·

84 2371 242 2419 tidotus
253 2382 400 2416 contra
417 2385 578 2414 venena
594 2371 638 2416 &
656 2368 806 2427 feb1·eS‚
824 2372 868 2417 8<
882 2367 1235 2433 hydroprobiam,
1250 2367 1466 2414 effoditur.
1493 2363 1721 2416 Rubicun-

77 2441 136 2488 da
145 2439 274 2505 nigris
288 2437 480 2503 exspersa
488 2436 660 2484 maculis
675 2437 749 2497 est,
763 2437 953 2503 quodam
965 2436 1088 2483 instar
1098 2437 1331 2484 cinnabaris
1342 2436 1483 2496 rubet,
1492 2435 1561 2483 sed
1578 2438 1722 2503 inepta

80 2509 133 2558 ad
152 2508 431 2575 pingendum.
466 2508 628 2554 Eadem
650 2510 693 2555 in
718 2509 892 2557 Suchucn
914 2505 1030 2572 apud
1052 2509 1109 2555 Po
1127 2507 1345 2572 reperitur.
1381 2508 1497 2554 Vino
1515 2519 1721 2554 macerata

79 2578 486 2643 bibiturAEuropaeis
507 2578 736 2642 incognita.

148 2650 216 2694 Ex
231 2659 378 2694 monte
394 2651 559 2714 Fangtczi
569 2648 725 2694 vitrum
736 2647 1036 2694 Moscovicum
1053 2645 1256 2693 effoditur
1271 2666 1280 2691 z
1295 2645 1520 2710 copiosum
1537 2646 1665 2692 etiam
1676 2646 1722 2691 in

82 2729 231 2773 monte
247 2720 352 2762 Iumo
365 2719 582 2781 reperitur.
620 2716 733 2763 Calx
750 2715 838 2763 usta
854 2717 983 2763 vitam
997 2714 1302 2781 prolongat,in
1314 2717 1417 2763 vino
1431 2712 1587 2761 hausta.
1623 2715 1726 2764 Hoc.

85 2788 239 2834 vitrum
254 2786 381 2831 etiam
399 2787 444 2834 in
462 2788 652 2851 Nanking
661 2784 776 2851 apud
792 2790 998 2852 Fungyaszg
1013 2784 1229 2834 effoditur.

150 2857 199 2901 In
218 2857 388 2922 Qangfi
398 2855 513 2920 apud
533 2856 687 2905 Cincheu
700 2868 807 2903 terra
823 2853 946 2912 flava,
959 2855 1129 2902 venenis
1145 2851 1329 2901 rcfistens
1342 2850 1519 2899 foditur.

152 2925 201 2970 In
220 2916 411 2989 Huqu'ang
427 2923 542 2989 apud
561 2927 724 2990 Changte
735 2964 748 2985 ,
772 2927 933 2973 Manna
951 2923 1334 2989 colligitur2etiam
1349 2920 1465 2987 apud
1482 2925 1545 2970 M
1542 2923 1662 2973 inxan
1677 2919 1722 2969 in

83 2992 264 3041 altiffimi
278 2993 434 3039 montis
451 2995 622 3044 vertice.
658 2994 844 3042 Sinenses
860 3011 942 3059 pro
955 3009 1050 3040 rore
1062 2991 1323 3057 conplanato
1336 2989 1507 3041 habent.

150 3064 202 3109 111
212 3069 276 3113 X
277 3064 361 3126 anfi
368 3074 516 3111 monte
533 3063 643 3128 Tape
658 3076 764 3114 terra
778 3062 1013 3111 cinnabaris
1028 3060 1151 3110 instar
1160 3097 1173 3119 ,
1182 3077 1376 3126 cumqua
1392 3058 1733 3128 Siuaeffigillasua

86 3133 270 3198 tingunt.
1677 3127 1729 3180 In
